2905 4722
50 62 235 241 224
99 164 301 329 226
6 902 589 1147 Pr da maet ij
0 1106 607 1225 Predicatie buijten, de
27 1189 634 1341 stadf jn't portugeer)
35 1263 466 1410 te laten doen
158 3843 201 3963 2
186 4213 460 4441 1
692 82 2916 549 Sasagh 28 September: Ao 1643.
703 648 2705 934 E E: Gouverneur geaerkel heeft nn in
620 905 2656 1093 vergaderingh gebrught, een versoeck schriet
633 986 2786 1182 voor en van wegen de gemeente woonaghtigh buijten
641 1126 2754 1342 dese stadt, aenden Eerwaerde kercken raad over
629 1246 2777 1477 gelevert, ten eijnde dat jnde weeck 's aponde nogh
627 1388 2801 1603 een predicatie jnt portugees moghte worden gedaen
632 1528 2754 1721 op deselve praets daer als nu zedert eenigen
628 1667 2680 1871 tijn is gecatechibeert; ende dewijle den gem=te
634 1801 2692 1981 Eerw: Rerkenraads hetselve versoeck met
644 1951 2724 2196 het haere oock hebben gedecundeert en bij
630 2100 2717 2331 schriftelijck vertoogh, aengewelen hoe ujt en
635 2235 2752 2450 dienotigh sulcks soude zijn, voor een getal van
638 2373 2754 2622 meer als 8000: Inlandse Chriftenen, meest
639 2518 2823 2746 alle behoeftige luijden, dewelcke haer des avondte
640 2672 2675 2896 ende na het afleggen van haer werck seer
629 2814 2767 3024 gaerne aldaer terplaetse souden laten vinden
627 2945 2768 3142 om het woort gode, ende de blijde boodschap,
625 3087 2746 3314 van haere zealigheijt te aenhoren, soo is na
508 3241 2730 3448 Bolhberadia goetgevonden en verstaen, hun het
633 3379 2766 3588 voornoemde versoeck, als uijt en gewenschten
628 3517 2763 3758 goeden ijver voorst komende, te accorderen ende
592 3660 2914 3906 toete saen, sullende de predicatie geschieden
623 3802 2595 4038 op Prijdagh des avonde ten zeven uuren./
791 4083 995 4304 .04
