2928 4755
17 4542 85 4681 7
119 92 339 300 200
263 204 462 366 230
647 268 2710 524 met beralt beijcle, ende de buijt vdaordijck
566 514 2739 667 die reets al derwaerts zijn vertrocken, tesamen
610 652 2939 906 agttbodems. de welcke sullen werden geemploijeert
648 833 1217 1013 aes voegt
646 1057 2822 1302 Dlade Cutt van Indien ouratte, en Persien
612 1259 2795 1503 alle over Ceilon, ’t wapen van Middelburgs
649 1385 1680 1635 schielandt. en bdijck.
1169 1699 2691 1935 engale de pemster, en boestdijf
644 1704 977 1924 acq
642 1899 2790 2191 1a Cormandel 'thuijs te spijck wimmenum
642 2129 2813 2372 ende arcken; welcke drie laeste het noorde„
658 2305 2762 2486 lijckste Comptoir Dimelepatnam sullen aen„
623 2422 2790 2632 doen, om alsoo bovens winde te kanen vernemen
613 2578 2787 2782 nade veijsigeijt derselve Cust, om de zuijd
643 2742 2779 2997 ende off aldaer oock eenige vijande schepen
629 2868 1904 3126 aengekomen moghten zijn.
693 3114 2634 3406 s mede goetgevonden soo van Cormandel
16 3210 569 3451 1200: lsten tij van
627 3331 2821 3569 als vengale te eijsschen ten min ten twaelff„
15 3421 623 3557 Cormandel en Bengale
-5 3504 416 3635 te eijschen.
624 3463 2706 3724 hondert lasten rijs, te weten, van ijder plaets
599 3610 2695 3861 600: lasten, om niet verlegen te vallen, nadien
613 3773 2744 4006 de verwerde Regeringh, op Japas oostcust
624 3905 2712 4153 ons hoe langer hoe meer, de hoope vermindert
513 4039 2758 4307 dat ons van daer de vereyschte quantiteijt
2386 4242 2609 4395 toe
532 4368 627 4613 1
2818 4435 2899 4572 2
