2922 4758
2646 78 2831 231 169
2672 217 2834 377 169
157 101 2212 517 e ent ae aieter di e eoedene s detin
152 473 2277 619 bedencken heeft, ende is oversulcks goetgevonden geme
152 569 2336 754 van Leenen daer na nut langer op tehouden, maer hem
147 732 2228 890 zijn deertreck na t vaderlandt toe teldaedn mits
97 799 2117 994 ordre stellende dat van de gemale scretarije
2268 808 2891 1011 sijn geschriften tegen
2246 947 2940 1090 de H:r raust overgeleve
150 965 2226 1126 werden gelight, om versegelt en besonden bewepend
2286 1033 2896 1182 bijsonder te bewatren
173 1081 2292 1267 de werden sodgilige geschriften, als bevonden sullen
110 1163 2218 1400 worden, door hem tegen gemelte Eh:r Ranse
136 1303 1731 1523 jngestelt, en overgelepert te zijn.
121 1409 2479 1660 op het versoeck der opperhooffden van t echipden blaawen„
144 1630 2332 1803 hulck, om te mogen genieten, de gestelde menne voor
2252 1652 2860 1877 N overhoopden vonde
132 1755 2897 1951 gedane spoedige wijegie ujt Eet vaderlandt bijonuck de vol=
143 1879 2882 2022 soo is goetgevonden, en verstaen, haer toe telangen de pranie toegevoeght
145 2004 2281 2199 volle preien zijnde den 14„e December 16768
142 2093 2151 2316 voor reeckenings vande Camer Enckhuijst
139 2240 2131 2449 jn zee gelopen, en t drijpoagstoeden hier
133 2372 991 2565 rede gearriveert.
294 2548 2301 2798 Batavia jn't Cisteel aadum als Voren.
1268 2807 2346 3055 2 Joan Raetsuyker
1513 3047 2333 3304 Lan goers.
1569 3285 2265 3493 Galehot is
1546 3458 2570 3661 p:a. Sortwater
1738 3609 2546 3824 J Suder Van soode
1795 3776 2463 4072 Roheor
2053 4073 2376 4307 AD
2037 4270 2139 4354 11
2034 4222 2433 4433 1
1329 4371 1463 4496 A
1677 4376 2374 4598 Coontamplae
1700 4525 2066 4737 d
