2978 4753
2597 49 2770 174 275
2642 205 2845 389 275
165 205 2302 523 zijn ter waere de gemeeen aldaer om een ade„
180 445 2303 666 dienlijcken bercken, ende een durapet dullitant ge„
184 636 2340 818 bouw te hebben de wl en maghe hadden daer de
195 764 2325 935 het kostende is tbaeren: jn welcked gevalle
82 896 2255 1140 de EComp:s haer gock zoude kmen te gemoet
176 1027 2354 1244 komenme den banna van 2: absonde rijl bewen
182 1195 2382 1377 ende hengeerlijck vande Nederlantse metselaers,
170 1357 2041 1576 sooo verders amabarscijen nder boen:
66 1497 2088 1825 Oop den Eijsch van 189: militaigen voorde gemee
167 1769 2170 1968 provincie Dansa is voekgevondeae voldoen
2278 1819 2902 2029 100. zoldantoot der
159 1937 2885 2122 en der pacats afe zenden een getge van 100. koppen: eijsch van 110: aer
2289 2060 2866 2253 banda afftesteeken
163 2060 2273 2235 zjnde zoo wel als nagemaecden overkagh j
350 2199 2278 2409 eisoltt albeere kannen overden Hnet
94 2368 2311 2581 eade maed mmede wijverrouwene dat er den dot
120 2523 1737 2711 oock In komen worden geel:
163 2691 2305 3031 nde na dieg wij n uijen Jn voorale zijn van
174 2913 2298 3168 ouratoe lauwe, eengeaan veel eet als den rijs
178 3087 2364 3304 hnt bederpen onder worpen zijnde, soo is goetgevonden
2298 3151 2887 3361 100. Lasten Tarwe
168 3249 2212 3477 ende verdegen, daer van mede na Banda.
2264 3333 2899 3452 om de Ruijite van dien
2279 3413 2918 3588 naer banda te senden
176 3389 2237 3628 af te steken een quantiteij van 100: lasten, om
185 3545 2280 3792 verstreckt, en uijtgedeelt te worden wor wel aen
166 3677 2184 3916 borgers als Comp:e dienaren, al was tegens
195 3838 2403 4088 geen hoger prijs, als waer voor den hijs tegenwoordig
183 3956 1899 4237 jn Banda wert afgestaen en verkoght
1982 4258 2372 4422 wijders.
1609 4430 1688 4532 P
