3029 4757
133 104 385 220 238
243 180 472 366 238
671 215 2844 504 oock werden becat ende geordonneert lren goede
660 416 2761 515 sorge de dragen: dat dese onse ordre na behoren werde
664 506 2717 681 geobserveert, ende de gem:te Chinese natie vredigh.
670 654 2646 773 en gerust mogen besitten, het meer gem:e souck land
670 737 2760 944 ende desprivelegie die wij haer tot begravinge van hunne
662 839 2128 1015 dooden op het selve hebben vergunt
23 1087 602 1368 den Copman Aedicer
604 1126 2599 1385 om de bekleden de gecunde plaette van
41 1298 648 1431 van Lier verkoren tot
673 1302 1457 1536 het Mallahaere
1698 1338 2667 1540 conmandement ende
37 1385 613 1538 secunde Persoon van
42 1485 389 1595 Mallabaer
628 1496 2500 1717 daer jn de vervangen, den oppercoopman
680 1661 2758 1894 Matheur Packman, die wij voorleden Jaer
655 1834 2770 2017 zijn vertreck van daer hebben tegestaen is wa
671 2002 2729 2212 denberade geetgevonden te gebruijcken den
677 2120 2760 2359 Coopman adriaen van hier, zijnde ejn persoon
651 2267 2632 2513 van goede bequaemben ende die nu al een
688 2439 2740 2655 eruijmen rijs, buijten agtneel emploij is geweelt
875 2744 2771 3032 hin eintighs vesoeck van den H„e Extiaand
13 2851 662 3034 : W. Peraord: tote
20 2999 619 3115 Hendrick van rheede
652 2953 2775 3139 van India, Hendrick van edn om met de
38 3078 748 3249 na ’t Vaderlands gelicent=
643 3093 2766 3314 aenstaende retour schepen, na het Pader„
633 3322 2787 3469 landt te mogen vertrecken, is na deliberatie
602 3409 2813 3655 geet gevonden zijn Ed sulcx toe te stgef
625 3627 2753 3806 ppe wel geerne hadden gesien dat het zijn
705 3723 2770 3954 E: gelegentheijs ende genegentheijt hadde„
618 3892 2701 4122 willen toe laten, om nogh eenige Iaeren
2305 4081 2632 4233 Piero
