2950 4757
122 60 302 188 168
2323 53 2510 215 1
205 166 367 332 168
709 55 2785 514 Vendagh 30:' Iulij A=o 1637.
540 599 2764 876 js jnvergadeings verschenen dijn Coopmlan van van
605 848 2777 1020 meenen versoeckende deer eenstigh dat hem vermits
31 812 556 1021 den Cormat Ten vet
692 937 2660 1132 tet eijndigen dan zijn eerbonden tijt. moghte werden
32 960 664 1133 heeren na het Valertd:
26 1065 428 1206 gelicentieert
648 1082 2835 1268 toegeseren, om deesen jaere met de aenstaende retourschepen
644 1175 2693 1393 adet vaderlands te vertrecken, 't welck door hdan
639 1290 2776 1518 het voorheden jaer den 2p:e Julij mede af was versoght
653 1424 2555 1652 dogh door ons als doen opgesonden offe uijt gespelt
664 1559 2770 1779 tot dat op de Laacken tusschenhem van Leenen, en de
643 1663 2820 1891 EE: H:r Constanten Rhanst, uit hjt vadereijndt vande
632 1799 2608 2023 heeren, principalen rescriptie soude zijn gekonen
633 1920 2701 2150 Conform. ons genoaen beslmjtaffij resolipe van dato 17:e
655 2041 2769 2265 dachuber. s: welck versoeck in delid maere zijnde
730 2209 2802 2390 bleght, soo heeft de gem:e h:r Aanst geinsemeert dat
599 2237 2806 2493 derselve rescuptie als noge behoorde tegeerden afgewaght.
674 2431 2765 2629 te soo niet, dat de verdedigingh die zijn v: tegen
633 2537 2785 2765 de belastings van gem:te van steenen hadd, op gespelt, en
631 2664 2789 2878 na ’t vaderlands gesonden; moghte worden gelefen en
634 2768 2819 2956 geexamnteert bij dese vergaderingh, die hij (als een sist
625 2894 2816 3112 van deselve  oock bersoght dat jn dese saecke behiefde
622 3022 2757 3169 sorge tedragen voor de vere en het respect van zijn
612 3156 2722 3328 persoon, verklarende wijdiens sigh bevenenden buijden
616 3277 2801 3446 eenige sught tot wraacke tegens gemelte van Leenen,
623 3378 2709 3597 wegens het gene hem door deselven was te laste
617 3512 2634 3681 geleght: waermede opgestaen, ende na buijten
609 3627 2690 3858 gegaen zijnde, soo heeft de vergaderingh getwijffelt.
643 3756 2643 3908 off haer de gemelte Heeren, onse principalen
623 3871 2737 4077 al voor eerst sullen konnen ontledigen tot het na„
609 4006 2697 4208 lesen vande selve volumieuse papieren gelijck
2376 4219 2602 4367 sulx
