2967 4760
98 35 311 244 276
280 124 520 311 276
686 252 2827 487 wijders getproken zijnder vanden handel van slaven
32 344 721 564 Besondinge op de seven
32 508 2742 653 en verdren handel it op de 1E: cust van tlva gumea, ontrent brij
-5 587 713 701 de ljst van nova guinia
671 592 2759 787 gelijck mede jnnogh andere tborgen waeren daar.
26 663 691 836 in Bandate doen
582 737 2810 961 de Comp:e hae voordeel hede zoude koen doen
695 895 2844 1095 de waervan ons een schriftelijcke remontkantie
696 1044 2781 1260 bij gedaen door den Coopman wannes seijts, omde
665 1201 2673 1426 langh van Banda hier overgekomen n is
662 1341 2654 1594 na deliberatie ookgevonden nde verstaen de
659 1516 2677 1673 selve voijagie metse eerste gelegentheijt bijde
667 1655 2825 1832 handd te nemen, en de laten vdentgaen, daer toe
602 1790 2757 2011 sgebruijckende den gemele Coopn sleijss:
47 1804 660 1998 door den Coopman Ioun
60 1943 662 2080 heijts, de met Eenen
661 1936 2719 2143 die wae een heen jn zijnen ver optewecken
58 2023 557 2146 tdert gequaliticteer
33 2103 555 2267 tot opperkoopman
759 2081 2810 2278 deen wert togevooght, de qualittij van opper„
647 2241 2782 2406 coop an onder ven hoginge van deractement wercke
656 2378 2788 2595 tot den rijdtlags van gemete vapagie blijfft uijt
640 2539 1009 2723 getelk
1550 2551 1827 2701 8 „
761 2684 2821 2964 ewijle gemeent wert dat de gepersee olij van note
14 2700 666 2943 on oinhe
1110 2869 1279 2957 iotr
30 2893 666 3028 door d’ Indische quaatieeen
651 2869 2788 3089 miscaten ope koeck olij, waer van tot nogh tdoe maer
38 2975 627 3103 ter Piduve uijt Banda
23 3060 654 3207 te eijsschen tot 1000. lb.
661 3000 2826 3171 keene ruantieijt, so voorts dnderlandt, als voor de
657 3139 2810 3325 medisnale tevinckel alhier zij geEijcht, onder de
641 3277 2669 3463 mooren ijn Surara, persia, Mlochan, t:r van
638 3440 2693 3684 tanelijcken aftreck soude konnen zijn, ende dat
940 3612 1024 3708 „
619 3592 2771 3814 deselve olijel van ounitte noten geperst wordende
641 3731 2696 3968 top een redelijcken prijs kan werden benaghtight
668 3882 2830 4120 oors goetgevonden, daer van te ontbieden de quantiteijt
631 4016 2806 4262 van duijsent vouden, om metse aenseaende beserdinge
2460 4269 2665 4364 na
