2949 4748
82 4158 213 4302 1 „
297 80 523 231 of
35 226 2310 488 meds hulff kleden konnen voldoen werden.
1994 454 2199 624 „
52 576 2315 771 J. kenden _: sergeant MMaijoor Christiaen
191 694 2251 925 pleman, denwelcken dat ampt alhier over, de
186 877 2286 1069 eeven Jaeren, tot ons volkomen, genoegen, heeft
196 987 2296 1224 waer genmmenr ende bekleet, is na deliberatie te
199 1169 2290 1371 goetgevonden tot Costgelt toe te voegen bestnen
199 1303 2215 1514 rijcxdaelders, ofte twintigh realen ter maent
184 1457 2315 1684 zijnde soo veel als zijn voorsaet den E: Majoor
256 1606 2239 1833 simon sloot nde laeste Jaeren van zijn dienst
183 1731 2285 1988 genoten heeft; ende zal dese vermeerderingh aen„
86 1911 202 2057 8
189 1943 2166 2158 vanck nemen t het begin van dit lopende
11 2030 876 2239 Jaent 1677. 1
202 2293 2299 2543 De weduwe wijsen den E: David Parthouwer
162 2527 2227 2722 jn zijn legen president tot Macassaer
178 2649 2099 2814 en lest verkoren Gouverneur van
156 2781 2103 2984 Ternaten, als nu versoeck doende om na ’t
101 2926 2127 3181 Vaderlandt te mogen zenden, en aldaer
476 3081 2278 3326 agee van bij te voegen procuratie met
163 3232 2069 3469 believe van ops: Heeren principalen
166 3373 2197 3631 te laten, ontfangen dodanige reeckeningen van
157 3565 2220 3786 maentgelden, al door gemelte haer man zal:
1927 3844 2057 4008 bij
1157 4263 1255 4444 2
2663 50 2823 179 33
2642 210 2802 344 33
2286 652 2888 875 EdE: napor Polman
2316 827 2960 951 20 realen kostgelt toe
2311 902 2595 1057 gevoeght
2257 2599 2962 2748 de et van de enckoue
2250 2719 2929 2838 toegestaen haer man zal
2253 2787 2961 2946 verdiende gagie, is boaderlie
2248 2874 2691 3029 oe ontfangen
