<?xml version="1.0" encoding="UTF-8" standalone="yes"?>
<PcGts xmlns="http://schema.primaresearch.org/PAGE/gts/pagecontent/2013-07-15" xmlns:xsi="http://www.w3.org/2001/XMLSchema-instance" xsi:schemaLocation="http://schema.primaresearch.org/PAGE/gts/pagecontent/2013-07-15 http://schema.primaresearch.org/PAGE/gts/pagecontent/2013-07-15/pagecontent.xsd">
    <Metadata>
        <Creator>prov=University of Rostock/Institute of Mathematics/CITlab|PLANET AI GmbH/Gundram Leifert/gundram.leifert@planet-ai.de:name=IJsberg(htr_id=20209)::::v=2.6.6
prov=University of Rostock/Institute of Mathematics/CITlab|PLANET AI GmbH/Tobias Gruening/tobias.gruening@planet-ai.de:name=de.uros.citlab.module.baseline2polygon.B2PSeamMultiOriented:v=2.6.6
prov=University of Rostock/Institute of Mathematics/CITlab|PLANET AI GmbH/Tobias Gruening/tobias.gruening@planet-ai.de:name=/net_tf/LA73_249_0mod360.pb:de.uros.citlab.segmentation.CITlab_LA_ML:v=2.6.6
Transkribus</Creator>
        <Created>2020-09-07T11:01:07.177+07:00</Created>
        <LastChange>2020-09-07T10:13:24.705+02:00</LastChange>
        <TranskribusMetadata docId="471693" pageId="19517009" pageNr="97" tsid="39404515" status="IN_PROGRESS" userId="15017" imgUrl="https://files.transkribus.eu/Get?id=NDWBGEJXOLPTDIAYXFTDNZCM&amp;fileType=view" xmlUrl="https://files.transkribus.eu/Get?id=XDGEOUSYVKFCJYFUHRYWXXUF" imageId="15083970"/>
    </Metadata>
    <Page imageFilename="ID-ANRI_K66a_889_97.jpg" imageWidth="2941" imageHeight="4708">
        <ReadingOrder>
            <OrderedGroup id="ro_1620455887244" caption="Regions reading order">
                <RegionRefIndexed index="0" regionRef="r1"/>
                <RegionRefIndexed index="1" regionRef="r2"/>
            </OrderedGroup>
        </ReadingOrder>
        <TextRegion orientation="0.0" id="r1" custom="readingOrder {index:0;}">
            <Coords points="38,4442 38,4595 83,4595 83,4442"/>
            <TextLine id="r1l1" custom="readingOrder {index:0;}">
                <Coords points="18,4583 99,4588 120,4283 96,4277 81,4290 39,4284"/>
                <Baseline points="38,4542 83,4545"/>
                <TextEquiv>
                    <Unicode>s</Unicode>
                </TextEquiv>
            </TextLine>
            <TextEquiv>
                <Unicode>s</Unicode>
            </TextEquiv>
        </TextRegion>
        <TextRegion orientation="0.0" id="r2" custom="readingOrder {index:1;}">
            <Coords points="50,85 50,4007 2904,4007 2904,85"/>
            <TextLine id="r2l1" custom="readingOrder {index:0;}">
                <Coords points="2610,188 2638,189 2654,170 2696,165 2725,170 2768,137 2789,135 2782,61 2754,64 2730,81 2715,68 2695,77 2680,71 2653,85 2638,72 2599,76"/>
                <Baseline points="2624,158 2653,155 2682,153 2712,150 2741,147 2771,143"/>
                <TextEquiv>
                    <Unicode>37</Unicode>
                </TextEquiv>
            </TextLine>
            <TextLine id="r2l2" custom="readingOrder {index:1;}">
                <Coords points="2599,356 2627,351 2637,339 2674,372 2685,372 2719,362 2736,347 2761,349 2753,216 2675,206 2651,225 2619,224 2609,235 2592,236"/>
                <Baseline points="2615,308 2640,308 2665,307 2691,303 2716,302 2742,303"/>
                <TextEquiv>
                    <Unicode>37</Unicode>
                </TextEquiv>
            </TextLine>
            <TextLine id="r2l3" custom="readingOrder {index:2;}">
                <Coords points="197,435 2269,488 2339,479 2344,307 2045,247 1691,323 999,221 715,303 364,234 201,280"/>
                <Baseline points="216,383 321,388 426,392 532,396 637,399 743,402 848,405 953,408 1059,410 1164,413 1270,414 1375,417 1480,419 1586,420 1691,423 1797,425 1902,428 2007,431 2113,432 2218,436 2324,440"/>
                <TextEquiv>
                    <Unicode>na Arracan te zenden en aldaer ter plaetse handel</Unicode>
                </TextEquiv>
            </TextLine>
            <TextLine id="r2l4" custom="readingOrder {index:3;}">
                <Coords points="226,588 2327,592 2330,483 2018,446 1787,503 1222,426 231,440"/>
                <Baseline points="245,507 348,512 451,516 554,520 658,524 761,528 864,531 967,534 1071,537 1174,540 1277,543 1380,546 1484,549 1587,551 1690,554 1793,556 1897,558 2000,561 2103,564 2206,567 2310,569"/>
                <TextEquiv>
                    <Unicode>den mogen drijven, soo is na deliberatie oetgevonden</Unicode>
                </TextEquiv>
            </TextLine>
            <TextLine id="r2l5" custom="readingOrder {index:4;}">
                <Coords points="210,669 424,735 2327,735 2331,608 2251,574 1111,623 214,549"/>
                <Baseline points="227,644 331,646 435,648 539,651 644,654 748,656 852,659 956,663 1061,666 1165,669 1269,673 1373,676 1478,679 1582,683 1686,685 1790,688 1895,690 1999,693 2103,695 2207,696 2312,698"/>
                <TextEquiv>
                    <Unicode>hem sin te sdaen ondercanditie dat meten zal</Unicode>
                </TextEquiv>
            </TextLine>
            <TextLine id="r2l6" custom="readingOrder {index:5;}">
                <Coords points="179,780 914,861 2314,850 2316,751 2046,708 1706,766 1155,698 181,728"/>
                <Baseline points="197,774 301,776 406,777 511,779 616,780 721,783 826,786 931,789 1036,792 1141,795 1246,798 1350,801 1455,805 1560,808 1665,812 1770,815 1875,818 1980,820 2085,822 2190,825 2295,827"/>
                <TextEquiv>
                    <Unicode>verogen e bevaeren hofte aenopen, eenige andere</Unicode>
                </TextEquiv>
            </TextLine>
            <TextLine id="r2l7" custom="readingOrder {index:6;}">
                <Coords points="189,937 2204,997 2342,984 2347,818 1858,880 193,820"/>
                <Baseline points="209,888 314,891 420,893 526,896 632,900 738,903 843,906 949,911 1055,914 1161,917 1267,921 1372,926 1478,929 1584,932 1690,936 1796,939 1901,942 2007,944 2113,947 2219,948 2325,950"/>
                <TextEquiv>
                    <Unicode>plaetsen ende Comptoiren, daer omtaent als bettigam</Unicode>
                </TextEquiv>
            </TextLine>
            <TextLine id="r2l8" custom="readingOrder {index:7;}">
                <Coords points="150,1030 1888,1137 2291,1111 2371,1000 151,967"/>
                <Baseline points="168,1019 277,1019 386,1020 495,1022 604,1025 714,1028 823,1032 932,1035 1041,1040 1150,1044 1260,1049 1369,1053 1478,1058 1587,1061 1696,1064 1806,1067 1915,1068 2024,1070 2133,1070 2242,1070 2352,1067"/>
                <TextEquiv>
                    <Unicode>Dengult bapa. Cormandel, ende generalijck sodanige</Unicode>
                </TextEquiv>
            </TextLine>
            <TextLine id="r2l9" custom="readingOrder {index:8;}">
                <Coords points="175,1206 490,1143 745,1231 1296,1184 1397,1257 1483,1182 1826,1271 2226,1221 2228,1151 2035,1086 1886,1139 1465,1065 1344,1126 178,1069"/>
                <Baseline points="194,1143 294,1145 395,1146 496,1149 597,1151 698,1152 798,1155 899,1157 1000,1158 1101,1161 1202,1163 1302,1166 1403,1169 1504,1171 1605,1173 1706,1176 1806,1179 1907,1183 2008,1187 2109,1190 2210,1194"/>
                <TextEquiv>
                    <Unicode>alss tot nogh toe door de porges: met onse licentie</Unicode>
                </TextEquiv>
            </TextLine>
            <TextLine id="r2l10" custom="readingOrder {index:9;}">
                <Coords points="178,1278 2057,1396 2170,1364 2175,1220 1821,1270 1485,1182 1388,1250 1294,1184 1120,1249 492,1142 180,1200"/>
                <Baseline points="194,1262 297,1265 400,1266 503,1269 606,1272 709,1275 812,1277 915,1280 1018,1283 1121,1285 1225,1288 1328,1290 1431,1294 1534,1298 1637,1301 1740,1305 1843,1308 1946,1312 2049,1316 2153,1322"/>
                <TextEquiv>
                    <Unicode>niet en zijn bevaeren oppe gefrequenteert, sullende zij</Unicode>
                </TextEquiv>
            </TextLine>
            <TextLine id="r2l11" custom="readingOrder {index:10;}">
                <Coords points="175,1408 482,1395 730,1484 912,1411 1016,1488 1508,1410 1921,1517 2189,1496 2154,1365 179,1278"/>
                <Baseline points="194,1392 293,1392 392,1394 491,1395 590,1397 689,1398 788,1401 887,1403 986,1406 1085,1408 1184,1410 1283,1413 1382,1416 1481,1419 1580,1423 1679,1426 1778,1430 1877,1434 1976,1439 2075,1443 2174,1448"/>
                <TextEquiv>
                    <Unicode>struijs voor het vertreck vant gemelte saght, vigh bij</Unicode>
                </TextEquiv>
            </TextLine>
            <TextLine id="r2l12" custom="readingOrder {index:11;}">
                <Coords points="161,1592 600,1529 784,1613 931,1534 2194,1623 2226,1514 1919,1518 1827,1444 1630,1508 1507,1409 1293,1483 823,1403 739,1481 421,1396 166,1455"/>
                <Baseline points="182,1509 283,1511 384,1512 485,1515 587,1518 688,1520 789,1524 890,1527 992,1532 1093,1535 1194,1539 1295,1542 1397,1547 1498,1550 1599,1554 1700,1558 1802,1561 1903,1565 2004,1567 2105,1570 2207,1572"/>
                <TextEquiv>
                    <Unicode>schuffelijcke afse moeten verbinden voor een somme</Unicode>
                </TextEquiv>
            </TextLine>
            <TextLine id="r2l13" custom="readingOrder {index:12;}">
                <Coords points="2220,1659 2289,1644 2266,1505 2237,1506 2228,1515 2197,1520"/>
                <Baseline points="2223,1569 2259,1563"/>
                <TextEquiv>
                    <Unicode></Unicode>
                </TextEquiv>
            </TextLine>
            <TextLine id="r2l14" custom="readingOrder {index:13;}">
                <Coords points="175,1663 711,1660 776,1726 856,1655 1476,1683 1600,1755 1891,1701 1973,1785 2269,1785 2273,1665 2054,1573 1541,1619 1421,1547 1302,1607 899,1540 737,1623 600,1530 178,1586"/>
                <Baseline points="194,1637 297,1639 400,1641 503,1644 606,1649 709,1652 812,1655 915,1659 1018,1662 1121,1667 1224,1670 1327,1674 1430,1677 1533,1682 1636,1685 1739,1689 1842,1692 1945,1695 2048,1698 2151,1701 2255,1704"/>
                <TextEquiv>
                    <Unicode>van twee duijsent rijcxdaalders tot versekeringh dat</Unicode>
                </TextEquiv>
            </TextLine>
            <TextLine id="r2l15" custom="readingOrder {index:14;}">
                <Coords points="186,1788 1445,1874 1567,1808 1708,1899 2151,1856 2251,1924 2256,1776 1974,1786 1885,1708 1702,1786 1326,1675 819,1736 709,1661 474,1729 190,1679"/>
                <Baseline points="203,1761 304,1764 406,1767 508,1771 610,1775 711,1779 813,1783 915,1787 1017,1791 1118,1796 1220,1800 1322,1805 1424,1809 1525,1813 1627,1818 1729,1821 1831,1825 1932,1829 2034,1832 2136,1835 2238,1839"/>
                <TextEquiv>
                    <Unicode>het bovenstaende bij ban oft de zijne, sal werden na</Unicode>
                </TextEquiv>
            </TextLine>
            <TextLine id="r2l16" custom="readingOrder {index:15;}">
                <Coords points="163,1967 324,1903 445,1971 683,1913 884,1921 1050,1998 1151,1935 1282,1933 1284,1867 1106,1828 633,1852 438,1773 170,1784"/>
                <Baseline points="183,1881 237,1886 291,1889 345,1892 399,1895 453,1898 507,1899 561,1902 615,1904 669,1906 723,1907 777,1910 831,1911 885,1913 939,1914 993,1916 1047,1919 1101,1921 1155,1923 1209,1926 1263,1929"/>
                <TextEquiv>
                    <Unicode>gekomen, en geobserveert</Unicode>
                </TextEquiv>
            </TextLine>
            <TextLine id="r2l17" custom="readingOrder {index:16;}">
                <Coords points="193,2154 463,2097 841,2182 1087,2113 1475,2187 1541,2133 2086,2178 2090,2051 1984,2075 1804,1980 1609,2086 1357,1936 1199,2029 1021,1980 821,2050 648,1952 200,1954"/>
                <Baseline points="212,2073 304,2079 397,2082 490,2087 583,2091 676,2094 769,2097 861,2101 954,2105 1047,2108 1140,2111 1233,2114 1326,2117 1419,2120 1511,2123 1604,2127 1697,2130 1790,2133 1883,2137 1976,2141 2069,2145"/>
                <TextEquiv>
                    <Unicode>Jnplaeds vanden verleden shippen op het schip</Unicode>
                </TextEquiv>
            </TextLine>
            <TextLine id="r2l18" custom="readingOrder {index:17;}">
                <Coords points="96,2249 2382,2310 2385,2211 2101,2149 1145,2192 100,2122"/>
                <Baseline points="116,2202 228,2208 340,2212 453,2216 565,2219 678,2223 790,2226 902,2229 1015,2232 1127,2235 1240,2238 1352,2242 1464,2245 1577,2249 1689,2253 1802,2257 1914,2261 2026,2265 2139,2271 2251,2277 2364,2283"/>
                <TextEquiv>
                    <Unicode>silversdeijn Albel schrick, is goetgevondende gebruijcken</Unicode>
                </TextEquiv>
            </TextLine>
            <TextLine id="r2l19" custom="readingOrder {index:18;}">
                <Coords points="67,2375 2256,2478 2800,2462 2924,2350 2803,2272 2638,2361 2487,2229 2307,2353 2003,2363 1802,2264 71,2256"/>
                <Baseline points="86,2325 226,2330 367,2334 508,2339 649,2343 790,2348 931,2354 1072,2359 1213,2364 1354,2369 1495,2375 1635,2379 1776,2385 1917,2390 2058,2396 2199,2400 2340,2405 2481,2410 2622,2414 2763,2418 2904,2423"/>
                <TextEquiv>
                    <Unicode>den schipper tmaat van ijsselmuijden, een man zijnde Abrt nj velnuijden</Unicode>
                </TextEquiv>
            </TextLine>
            <TextLine id="r2l20" custom="readingOrder {index:19;}">
                <Coords points="172,2455 460,2572 891,2490 2698,2541 2918,2435 173,2388"/>
                <Baseline points="191,2448 326,2454 462,2462 597,2468 733,2474 868,2479 1004,2484 1139,2489 1275,2492 1410,2496 1546,2499 1681,2501 1817,2502 1952,2504 2088,2502 2223,2501 2359,2499 2494,2496 2630,2493 2765,2488 2901,2481"/>
                <TextEquiv>
                    <Unicode>van goeteujpens, ende die nu al eenigen dijt gesel al schippit</Unicode>
                </TextEquiv>
            </TextLine>
            <TextLine id="r2l21" custom="readingOrder {index:20;}">
                <Coords points="2244,2644 2307,2656 2350,2618 2519,2642 2597,2598 2738,2587 2829,2617 2921,2604 2923,2516 2845,2504 2707,2537 2659,2508 2595,2538 2553,2502 2489,2522 2387,2492 2338,2523 2246,2503"/>
                <Baseline points="2264,2562 2297,2562 2331,2564 2364,2564 2398,2565 2432,2565 2465,2567 2499,2568 2533,2568 2566,2570 2600,2570 2633,2571 2667,2571 2701,2572 2734,2573 2768,2573 2802,2573 2835,2573 2869,2573 2903,2571"/>
                <TextEquiv>
                    <Unicode> op het schip Silverstryn</Unicode>
                </TextEquiv>
            </TextLine>
            <TextLine id="r2l22" custom="readingOrder {index:21;}">
                <Coords points="446,2605 746,2601 901,2698 1070,2608 1327,2626 1472,2712 1573,2645 1577,2515 1447,2514 1367,2564 1225,2489 1129,2532 890,2489 758,2534 721,2494 645,2566 579,2536 447,2567"/>
                <Baseline points="464,2594 518,2595 573,2597 627,2599 682,2601 737,2603 791,2604 846,2606 900,2607 955,2609 1010,2610 1064,2612 1119,2613 1173,2615 1228,2616 1283,2619 1337,2621 1392,2623 1446,2625 1501,2628 1556,2631"/>
                <TextEquiv>
                    <Unicode>aeneel Eaploij is geweest.</Unicode>
                </TextEquiv>
            </TextLine>
            <TextLine id="r2l23" custom="readingOrder {index:22;}">
                <Coords points="2582,2778 2600,2776 2609,2767 2644,2766 2628,2647 2603,2651 2597,2659 2586,2650 2583,2654 2565,2656"/>
                <Baseline points="2595,2751 2624,2747"/>
                <TextEquiv>
                    <Unicode>5</Unicode>
                </TextEquiv>
            </TextLine>
            <TextLine id="r2l24" custom="readingOrder {index:23;}">
                <Coords points="235,2820 2204,2874 2207,2754 1304,2786 1099,2695 951,2779 849,2677 600,2758 238,2722"/>
                <Baseline points="251,2805 347,2807 444,2808 541,2810 638,2812 734,2814 831,2819 928,2822 1025,2825 1121,2829 1218,2832 1315,2836 1412,2840 1508,2843 1605,2846 1702,2849 1799,2852 1895,2853 1992,2855 2089,2855 2186,2855"/>
                <TextEquiv>
                    <Unicode>dewijl de ugg over de rivier, omtrent de</Unicode>
                </TextEquiv>
            </TextLine>
            <TextLine id="r2l25" custom="readingOrder {index:24;}">
                <Coords points="110,2990 355,2938 684,3017 1179,2963 2273,3032 2278,2895 2078,2955 1718,2861 1476,2924 1274,2857 115,2835"/>
                <Baseline points="131,2928 237,2928 343,2930 450,2931 556,2933 662,2936 769,2939 875,2942 981,2945 1088,2949 1194,2954 1300,2957 1407,2961 1513,2966 1619,2970 1726,2975 1832,2979 1938,2983 2045,2987 2151,2991 2258,2994"/>
                <TextEquiv>
                    <Unicode>Redol Voordrijck, t' eenemael vergaen en on„</Unicode>
                </TextEquiv>
            </TextLine>
            <TextLine id="r2l26" custom="readingOrder {index:25;}">
                <Coords points="2295,2995 2444,2974 2524,2999 2596,2971 2668,3027 2811,2988 2880,3015 2916,3003 2924,2834 2731,2800 2644,2856 2515,2889 2404,2863 2300,2886"/>
                <Baseline points="2313,2958 2342,2960 2371,2961 2400,2963 2429,2964 2459,2966 2488,2967 2517,2967 2546,2969 2575,2970 2605,2972 2634,2972 2663,2973 2692,2975 2721,2976 2751,2978 2780,2979 2809,2981 2838,2984 2867,2985 2897,2988"/>
                <TextEquiv>
                    <Unicode>een niuwe beigge aen</Unicode>
                </TextEquiv>
            </TextLine>
            <TextLine id="r2l27" custom="readingOrder {index:26;}">
                <Coords points="2286,3054 2464,3093 2511,3063 2538,3089 2796,3071 2848,3098 2916,3080 2919,3002 2852,3014 2807,2991 2682,3021 2640,3015 2600,2971 2528,3004 2288,2997"/>
                <Baseline points="2303,3039 2332,3041 2362,3044 2392,3045 2422,3047 2452,3048 2482,3050 2511,3050 2541,3051 2571,3053 2601,3054 2631,3055 2661,3056 2691,3057 2720,3059 2750,3060 2780,3060 2810,3062 2840,3063 2870,3065 2900,3066"/>
                <TextEquiv>
                    <Unicode>hoortwijcf over de kwuk</Unicode>
                </TextEquiv>
            </TextLine>
            <TextLine id="r2l28" custom="readingOrder {index:27;}">
                <Coords points="142,3079 439,3074 581,3153 738,3069 849,3143 1024,3078 2290,3171 2294,3034 2175,3009 2064,3073 1760,2992 1638,3049 146,2973"/>
                <Baseline points="161,3051 266,3054 372,3057 477,3059 583,3062 689,3066 794,3069 900,3072 1005,3075 1111,3078 1217,3081 1322,3084 1428,3087 1533,3092 1639,3095 1745,3099 1850,3102 1956,3107 2061,3110 2167,3114 2273,3119"/>
                <TextEquiv>
                    <Unicode>bruijck daer geword is. tot groot ongerieff der gener</Unicode>
                </TextEquiv>
            </TextLine>
            <TextLine id="r2l29" custom="readingOrder {index:28;}">
                <Coords points="2298,3163 2351,3148 2368,3166 2393,3157 2455,3195 2526,3177 2589,3194 2594,3084 2537,3089 2510,3063 2463,3093 2435,3081 2396,3086 2362,3060 2348,3070 2302,3061"/>
                <Baseline points="2315,3129 2340,3132 2366,3134 2392,3135 2418,3136 2444,3138 2469,3139 2495,3140 2521,3140 2547,3141 2573,3141"/>
                <TextEquiv>
                    <Unicode>te maken</Unicode>
                </TextEquiv>
            </TextLine>
            <TextLine id="r2l30" custom="readingOrder {index:29;}">
                <Coords points="31,3251 469,3195 981,3287 1434,3221 1997,3268 2216,3252 2218,3182 1124,3093 848,3142 733,3068 562,3145 409,3067 34,3103"/>
                <Baseline points="50,3170 157,3174 264,3177 372,3181 479,3185 587,3187 694,3189 801,3192 909,3194 1016,3197 1124,3198 1231,3201 1338,3204 1446,3206 1553,3209 1661,3212 1768,3216 1875,3219 1983,3224 2090,3228 2198,3233"/>
                <TextEquiv>
                    <Unicode>die daer omtrent ende ogh hoger haer Landaijen</Unicode>
                </TextEquiv>
            </TextLine>
            <TextLine id="r2l31" custom="readingOrder {index:30;}">
                <Coords points="149,3307 1643,3341 1884,3418 2277,3362 2279,3270 1843,3237 1588,3290 1434,3222 1063,3279 980,3199 915,3254 151,3230"/>
                <Baseline points="167,3296 271,3299 376,3302 480,3305 585,3308 689,3309 794,3312 898,3314 1003,3317 1107,3319 1212,3321 1317,3324 1421,3327 1526,3330 1630,3333 1735,3336 1839,3339 1944,3344 2048,3348 2153,3353 2258,3359"/>
                <TextEquiv>
                    <Unicode>zijn hebbende gelijck mede van sodanige die uijt het</Unicode>
                </TextEquiv>
            </TextLine>
            <TextLine id="r2l32" custom="readingOrder {index:31;}">
                <Coords points="147,3417 409,3514 609,3428 822,3495 1581,3472 1663,3538 2262,3441 2116,3380 1452,3416 1296,3337 1089,3394 996,3324 151,3312"/>
                <Baseline points="164,3417 273,3422 382,3426 492,3430 601,3434 711,3438 820,3442 929,3446 1039,3449 1148,3452 1258,3455 1367,3459 1477,3462 1586,3465 1695,3468 1805,3471 1914,3474 2024,3477 2133,3481 2243,3483"/>
                <TextEquiv>
                    <Unicode>land met vinden bleeten, ende ander vee na dese</Unicode>
                </TextEquiv>
            </TextLine>
            <TextLine id="r2l33" custom="readingOrder {index:32;}">
                <Coords points="400,3568 837,3558 940,3657 1094,3577 1201,3648 1830,3609 2106,3675 2280,3639 2285,3488 1810,3574 1714,3507 1458,3551 1331,3465 1234,3522 1046,3452 970,3510 599,3426 403,3466"/>
                <Baseline points="419,3557 511,3558 603,3561 695,3564 788,3567 880,3570 972,3574 1065,3578 1157,3582 1249,3585 1342,3589 1434,3593 1526,3596 1618,3599 1711,3603 1803,3605 1895,3608 1988,3609 2080,3611 2172,3612 2265,3612"/>
                <TextEquiv>
                    <Unicode>afkomende deselve brugge plagsten te passeren,</Unicode>
                </TextEquiv>
            </TextLine>
            <TextLine id="r2l34" custom="readingOrder {index:33;}">
                <Coords points="112,3692 349,3678 424,3748 592,3697 692,3764 951,3702 1076,3770 1152,3705 1661,3779 2205,3748 2208,3646 1939,3679 1839,3612 1435,3673 1093,3576 942,3656 840,3561 498,3641 116,3586"/>
                <Baseline points="131,3669 233,3674 336,3677 439,3681 542,3684 645,3689 748,3693 851,3696 954,3701 1057,3704 1160,3708 1262,3711 1365,3716 1468,3719 1571,3722 1674,3725 1777,3728 1880,3729 1983,3732 2086,3734 2189,3735"/>
                <TextEquiv>
                    <Unicode>ende in een tonger wegsmoeten gebruijcken; ende</Unicode>
                </TextEquiv>
            </TextLine>
            <TextLine id="r2l35" custom="readingOrder {index:34;}">
                <Coords points="48,3818 1428,3906 1782,3836 2178,3922 2296,3865 2300,3707 1660,3777 51,3716"/>
                <Baseline points="65,3791 175,3795 286,3800 397,3804 507,3807 618,3812 729,3815 839,3818 950,3821 1061,3825 1172,3827 1282,3830 1393,3832 1504,3834 1614,3836 1725,3837 1836,3838 1946,3839 2057,3839 2168,3839 2279,3839"/>
                <TextEquiv>
                    <Unicode>dat den hoopes, ofte herbergier, aldaer woonaghtigh</Unicode>
                </TextEquiv>
            </TextLine>
            <TextLine id="r2l36" custom="readingOrder {index:35;}">
                <Coords points="1932,3995 2037,4000 2048,3989 2083,3993 2098,3983 2115,3997 2207,3970 2207,3932 2148,3920 2123,3895 2081,3912 2028,3884 1933,3911"/>
                <Baseline points="1949,3969 1975,3971 2002,3974 2029,3975 2055,3977 2082,3978 2109,3978 2135,3976 2162,3974 2189,3969"/>
                <TextEquiv>
                    <Unicode>die</Unicode>
                </TextEquiv>
            </TextLine>
            <TextEquiv>
                <Unicode>37
37
na Arracan te zenden en aldaer ter plaetse handel
den mogen drijven, soo is na deliberatie oetgevonden
hem sin te sdaen ondercanditie dat meten zal
verogen e bevaeren hofte aenopen, eenige andere
plaetsen ende Comptoiren, daer omtaent als bettigam
Dengult bapa. Cormandel, ende generalijck sodanige
alss tot nogh toe door de porges: met onse licentie
niet en zijn bevaeren oppe gefrequenteert, sullende zij
struijs voor het vertreck vant gemelte saght, vigh bij
schuffelijcke afse moeten verbinden voor een somme

van twee duijsent rijcxdaalders tot versekeringh dat
het bovenstaende bij ban oft de zijne, sal werden na
gekomen, en geobserveert
Jnplaeds vanden verleden shippen op het schip
silversdeijn Albel schrick, is goetgevondende gebruijcken
den schipper tmaat van ijsselmuijden, een man zijnde Abrt nj velnuijden
van goeteujpens, ende die nu al eenigen dijt gesel al schippit
 op het schip Silverstryn
aeneel Eaploij is geweest.
5
dewijl de ugg over de rivier, omtrent de
Redol Voordrijck, t' eenemael vergaen en on„
een niuwe beigge aen
hoortwijcf over de kwuk
bruijck daer geword is. tot groot ongerieff der gener
te maken
die daer omtrent ende ogh hoger haer Landaijen
zijn hebbende gelijck mede van sodanige die uijt het
land met vinden bleeten, ende ander vee na dese
afkomende deselve brugge plagsten te passeren,
ende in een tonger wegsmoeten gebruijcken; ende
dat den hoopes, ofte herbergier, aldaer woonaghtigh
die</Unicode>
            </TextEquiv>
        </TextRegion>
    </Page>
</PcGts>
