2984 4752
523 78 611 181 7
2647 112 2867 280 293
2507 125 2655 271 23
209 267 2265 568 nu beantwoort slaen te welden door de E: E:
207 491 2197 743 raad van Jndia antbou rsliven snde die de
195 638 2315 893 tlotulen uijt deselve getrocken, tot dien eijnde heeft
195 752 2324 1041 jn vroadpings gebaaght: voersdaar op genomen
150 920 1424 1152 bol na volgende besluijt
153 1095 2933 1423 Berangende dier den flantenlen ronge nog: e C Sansh
2317 1346 2942 1479 dan Ionge nagesaame
112 1270 2323 1492 „boomen 2sl een pariselijck goetgevonden te ordonneren
2322 1436 2910 1564 tot nader ordre op te
31 1390 2599 1656 daar mede tot nader bedre op te houden vn dock smen
174 1553 2267 1817 selve in pliedde vande geene die megsten komen
2311 1684 2907 1908 om dat het Resente
179 1721 2923 2010 uijt de gaen geen nieuwe beletten Rladien gebr„ gentt 30934.
68 1862 2933 2102 deelt wort dat het getal van 730934: als i loopen tot den watier
2264 2042 2795 2172 domme geeg
180 1996 1528 2229 nogh jn wesen zijnde namentlyck
2568 2141 2870 2268 wirt
178 2121 1543 2408 20057 6: sprugstdragende
179 2327 1347 2548 295844  halffwassene en
168 2501 2369 2707 2350tp:s Ionge, ruijm groot genoegh zij, om behoonder
188 2573 2313 2855 al eenige moghten komen uijt te gaen, soo veel en„
178 2741 2180 2985 weer nagelen uijt te konnen geveren de goede
151 2854 2261 3089 en quade gewassen door malkanderen gerekent.) als
101 2985 2348 3274 jnde werelt sullen konnen werden vertient werdeijde
144 3118 2328 3402 gecalculeert Iaerlijcks op 5 â 600000 lb: sulcks
139 3283 2078 3481 het overige dat de gendelde boomens van die
142 3393 2202 3629 specerijen, sullen konen uijt te geven, bij d’ onse
137 3564 2287 3730 in Amboina, sal moegen worden aenoememen ende
152 3679 2228 3912 betaelt niet geenstaende daaer van geea nut ofte
173 3846 2174 4063 voordeel zoude konnen werden getrocken, om
59 3906 2307 4188 datse de vereijschte quantiteijt pantalligh meecken
1975 4131 2184 4290 en
59 4181 155 4324 1
1518 4419 1611 4564 9
