2952 4744
265 220 2100 521 gedonden ende weeseren mit eederer dete baack
100 435 2093 682 sodanigh ten handelen, ende gevolgblijck aen meergem:
111 575 2160 833 E: Jacob vander aeijen, sonder intrest, te baten volgen
84 752 2219 969 de penningen door sijn tegenwoordige Huijsvrouw Maria
30 883 2218 1136 de Begsche den 29 ovember 168. 1n bengale wissel
126 1080 2203 1265 getelt, namentljck denthien duijsent sessensestigh rijcx daelde:
79 1188 2140 1414 off Negen endertighduijsent twee hondert guldens hem
99 1311 2239 1559 wijders jn zijn beure gevende, om deselve Penningen alhier
98 1480 2231 1724 bij d’E Comp: a deposito te laten, ofde die p:r wissel
115 1626 2105 1889 jn't vaderlandt te laten onnfangen welck laeste
114 1863 630 2057 dan oock bij
653 1840 1761 2047 zijn Egaengenomen is
91 2156 2230 2382 Ender is mede goetgevonden vaurens verbeeck, van
105 2379 2214 2571 Rotterdam, schipper op het fleuijtelin swart sluijs,
130 2504 2257 2751 van het selve schip aftesetten, en hem door den Heer
123 2671 2146 2902 fiscael van India jn reghte te laten betrecken
142 2826 2297 3024 hebbende sij voegens de verklaringe vande officieren,
91 3004 2030 3206 door sijn ongeregtlt leeten, en geduirigh droncken
78 3159 2274 3345 drincken, t' eenmael, onbequaem gemaeckt, om langer
125 3316 1877 3506 het Commando, op een schip te werden toe vertrout
30 3444 2285 3754 Batavia et tissel datam als Ioren
1466 3671 2256 3910 Joan RRaetsujker
1501 3862 2243 4101 van goehis
161 3920 945 4181 Conmanen Rant 1
1552 4054 2393 4253 Lreevens Pit
390 4089 995 4292 Hter Hen borrn
1161 4181 1306 4313 ofd
1579 4207 2435 4375 p. A. Overtwater
286 4218 865 4493 Marhoo
378 4442 896 4705 Tamamnugg
332 4611 617 4720 Soor
2617 -3 2753 182 15
2629 162 2756 334 5
2229 527 2866 713 aan wet e legen voeldoen
2222 676 2865 791 tzoo door zjn Huijsvrou
2238 754 2837 878 anno 1668. jn bengale op
2239 831 2654 983 wissel getelt.
2560 902 2669 991 2
2252 2334 2843 2588 schipper laurens Verbeecq
2246 2496 2773 2609 buijten bedieningh te
2244 2567 2460 2679 stellen
