2967 4760
94 57 294 203 280
176 161 381 328 280
61 759 633 972 op ’t Voordragen des
84 892 495 1051 kerken basts
30 2554 642 2778 enegen e otd
28 2726 622 2825 Portugeeze loots off
20 2786 632 2920 kerk buijten een klode
25 2885 530 2998 te bestellen, en de
37 2958 629 3094 nieuwe poort vrijdagh
25 3039 648 3164 Savonts soo lang open
38 3121 353 3236 te Houden
14 3775 646 3937 den borger Ian Es
3 3890 630 4034 600. lb: geleent, om
-1 3983 477 4089 in banda weder te
9 4062 385 4198 Reschieren
707 77 2772 467 Dijns dagh 2: december A„o 1695.
901 474 999 617 1 d
689 611 2893 877 D: H„r gouverneura generael maeckt des verondeing
683 793 2765 1028 bekent het gedane versoeck door gecommitteerden
664 940 2794 1178 uijt den verw: kerckenraadt, namentlijck dat
655 1071 2864 1272 op ofte aen het wagstens buijten de stadp alwaer
680 1242 2795 1468 voegens resolutie van 28:en september jongstheden
669 1370 2819 1612 voort aen alle vrijdagen, debaponts den zeven uiren
679 1532 2845 1751 een predicatie jnt partugees zal werden gedaen oock
686 1655 2783 1880 moght opgereght werden een bequaenm klockje, om
674 1791 2868 2046 daer mede de ordinaire luijingh offe waerschouwings
682 1958 2601 2155 te konnen doen: dat wijders de nieuwe voort op
586 2086 2794 2333 dagh tot na het eijndigen vanden gedetdienst. a
657 2213 2779 2470 worden ovengehouden, op dat de geene die jnd st
754 2387 2690 2591 soonaghtigh zijn, en haer mede tot . l 1 „ „
1040 2534 2656 2725 oort aldaer wilden vervoege w:r
661 2674 2523 2869 binnen mogeden geraecken, waer op gede:
664 2803 2755 3010 ende soo wer het openhouden vande gem:e poort, als
673 2964 2686 3168 het oprighten van een klockje nodigh, en dienstigh
653 3116 2739 3302 geaght zijnde, soo is goetgevonden het gemelte
658 3258 2662 3418 versoeck toe te staen, zullende metten eersten
2652 3311 2758 3400 —
586 3355 2646 3547 ordre werden gestelt, dat het sodanigh werde
2627 3457 2751 3562 —
652 3510 2026 3735 na gekomen, en agstervolght./
663 3696 2737 3960 Op het versoeck vanden Landasen borger, Ian
669 3886 2692 4110 Ekbersen, is goetgevonden, ende verstaen, hem
616 4025 2806 4256 onder versekeringh van goede en sufficante borgen
2522 4262 2731 4408 ujt
