2979 4796
2597 103 2819 278 G
2693 265 2856 441 89
188 245 2249 537 Vrjaagh 14: Maij A:o 167
1820 497 2197 646 1t.
141 761 2413 908 aniel van den Bolck oppercoopman en drend:
214 868 2339 1094 van Goedelmeesteren der Chinese sterffhuijsen
2360 864 2992 1076 enige oederen don der
2344 1024 2993 1153 overleden Chinees Conport
224 1021 2341 1226 hier ter stede, heeft eenige daagen verleden uijt de
2357 1103 2963 1220 fideicommis gemaeckt
2323 1172 2967 1333 vandien last te ont„
220 1148 2284 1329 naem van het zelve Colligie, dese vergaderingh
2352 1251 2553 1344 slaen
185 1294 2433 1441 bekent gemaeckt, hoe dat tussen de twee nagelaten
198 1422 2301 1660 zoonen ende sedelcommissaire erffgenamen van den
194 1570 2411 1740 voerleden Copock in zijn leven Chnees Coopman
197 1714 2339 1926 alhier gewul ende quistie was ontstaen, ende de
225 1830 2386 2043 Jongste zoon hadde geklaeght, dat bij van zijn onder
196 1992 2312 2187 broeder, die alle de jnkomsten van des overledens
195 2138 2292 2348 nalatenschap ontfugs, ende na zijn welgevallen
199 2266 2332 2489 beheerde, niet en konde Erlangen het behoorlijcke
178 2423 2246 2659 onderhout tot zijn levens behoefte ,waer op zij
171 2568 2177 2769 Bgedelmeesteren, nade waerheijt ondersoeck
132 2735 2123 2927 gedaen gebbede, bevonden hadden dat door
165 2879 2305 3086 trouwloosheijt van de radmmistrateurs desselven
120 3015 2290 3203 boedelsen het ongeregelt leven wan gemelten
197 3136 2223 3289 dutsten zoon al zijnde een grooten dronckaerdt
2211 3169 2283 3294 —
193 3259 2318 3465 tuijsschiende Beereerder, die oock buijten haer
196 3402 2239 3624 consent ende voor sleten, een jnportante somme
163 3549 2293 3709 op jntrest hadde gelight) des overledens nalatenschap
195 3663 2190 3916 veele dussenden was ten aghteren geset, niet
176 3803 2338 4014 alleen tot prepuditie vanden gemelten jongsten zoon.
1966 4004 2259 4159 maer
2292 3352 2372 3495 „
