2987 4764
45 4508 121 4691 1
132 7 193 91 8
212 282 2294 539 voor eneer daer op waert gesoae het adijs
182 513 2344 723 van teng ewarenNegatogeweerden, hijt den
154 636 2245 878 aghtbaren Raadt van Iustitie deses Casteel
66 768 2343 977 dewotcke cons dat vanes nu istelijck hebben
190 956 2335 1128 gediente namentlijck de Heeren nlem van
144 1097 2409 1295 Outhorn. Diee prasident, mitsgaders van Dleer,
148 1270 2344 1484 en naperd Zeeman, beijde ordinarie leden
183 1400 2195 1636 van den selven Laast, zijnde haer E:
150 1586 2248 1770 gelamentlijck met tershejde antheuren, die
165 1695 2328 1988 zij daer op na gehesen, en aengewesen heeben, van
160 1876 2345 2085 gevoelen dat na reghten het voorschreven bonck
177 2064 2153 2227 landt, noghe gedack, door de boven gemelde
208 2185 2204 2446 kindeen niet en magh worden verkoght maer
225 2344 2180 2548 : gescomis moet blijven, niet tegenstaende de
197 2501 2317 2736 Contrarie amsterdaniwe Eeure pij m:r Cunon
182 2694 2237 2875 van geemen ssut varde doeck van zijn voons
172 2796 2327 3010 hollants regt gallegeent, met welck gewelen
40 3011 2261 3186 dese vergaderingh iigs dan ook den parigbelijck
195 3128 2272 3323 geconfirmeert hebbende, o is gaanvonden.
198 3266 2217 3520 en verstaen, de verdoghte verkopingh van het
176 3416 2083 3675 meer gem:e srtuck land afte slaen en het
162 3586 1717 3797 jngediende requete mitsgaders het
1895 3618 2289 3832 istelijcke
178 3748 2281 3953 advijs der voornoemde heeren Rhaden van
1824 3942 2181 4131 Iustitie
2690 83 2884 179 51
2633 174 2807 371 51
