2994 4740
2621 106 2806 253 317
2349 157 2549 361 317
183 317 2828 555 hebben soo is verstaen hun tot verkopingh derseve
222 495 2240 620 vier maenden respijt tegeven. te rekenen vanden
153 592 2298 744 dagh dat de puplicatie bij placcate zal zijn geschue
228 715 2369 902 na welcke tijt deselve kleeden en amphioen Eders
218 801 2223 1011 bevonden werddende confiscabel, en verbeurt sullen
230 935 2152 1095 werden peyklaerts, ende waer op de repective
224 1005 2446 1242 fiscaels den Galjuw, den Lantorost, den ontfangen
112 1207 2270 1352 den Licentmeester, ende de snpoosten, vanden boom
2313 1174 2839 1338 ordre tot hauwe
2359 1293 2955 1440 toesigt bij d’officieren
227 1270 2292 1455 niet alleen gehouden sullen wesen nauw te letten
2348 1392 2862 1553 erop te nemen
227 1384 2299 1591 enscherpe toesicht te nemen, maer zullen oock tot
215 1502 2320 1720 het aenhaelen, van sodanige verboden goederen
217 1622 2252 1814 wien van hun deselve eerst moghten voorkomen
201 1760 2216 1915 Eeen na, ende geregstight zijn, gelijck mede
185 1891 2377 2090 met kennisse, en toestaen van dese vergaderingh
229 1997 2217 2202 tot het viliteren, van alle suspecte plaetsen en
895 2127 2347 2329 porden, dat sodanige waeren
194 2270 2185 2435 sende konnen verscholen. ofte verborgen zijn.
461 2487 2327 2695 en is wijders goetgevonden, de verpaghtingh
2315 2590 2885 2774 de Verpagtinge der
-5 2652 2324 2758 Jn mde kleeden Hasaer soo lange op te houden tot
2330 2724 2965 2858 cleeden passer om die
113 2735 2331 2926 dat de gemelte publicatie zal zijn geschiet latende
2328 2810 2880 2941 Reden eenige tijt
131 2847 2246 3033 de jnkomsten, soo lange collecteren, en Jnvorderen
2346 2895 2749 3016 op te Houden
2228 2929 2356 2992 —
129 2967 2420 3161 door den jegenwoordigen basaer wagster Dartholomeus
228 3108 2386 3276 van voorelijck die daer too bequaem zij, en oock
224 3181 1612 3392 wel de eeste geljgentheijt heeft.
125 3369 2346 3565 het afsender van 120: soo Nlederlantse als jnlandtse
2367 3388 2968 3586 t affsenden van 120
2362 3556 2974 3664 soldaten na tarijongpore
233 3541 2342 3718 militaire na Canjongs poura, om aldaer gelijck bij
214 3647 2915 3838 jongst voorgaende resodutie van 24:e deser zij vastgestelt nogh opgeschort
2332 3704 2924 3819 tot naderberight
2335 3779 2960 3888 van ’t voornemen der
240 3724 2322 3950 Ejn vastigheijt oste: Deltschanse te maecken, is
2351 3859 2965 3989 bantammers aldaer
231 3862 2364 4040 goetgevonden, nogh wat op te schorten, tot dat nader
216 3982 2318 4187 beright sullen zijn van’t voornemen en bedrijff der
1809 4135 2438 4322 Bantammers
1968 4434 2060 4548 —
