2995 4766
2749 39 2892 155 3
2652 169 2830 355 73
2297 313 2366 466 6
511 437 1032 600 t
99 565 1119 840 zijnde als n deij
562 759 1417 1015 den tederlantge
2166 970 2965 1176 den Belibaain ij de schen
1126 1066 2075 1293 houden na de nland
2299 1122 2979 1247 vanden sousouhounangh
2295 1186 3005 1387 Mataram en den rebte
189 1178 2250 1421 Militairen doe nogh niet gereet zijn, en dnnen
2317 1292 2773 1443 Teroena d’ Jaja,
206 1349 2215 1569 weijnigs daagen, met het jagter den Banaal
191 1477 2344 1720 sullen konnen volgen; boars. bij die occaie weder
319 1622 2170 1771 sprcken van het contract soo merckelijc
501 1753 2143 1998 Cmp:s voordel met de Souvousounang
181 1890 2279 2112 Mataram gemaepat en dien aengaende wijders
224 2019 2255 2210 geoerderendatt nu dewin het daer mede ebo
217 2177 2232 2424 gewensebt is afgehopen) met anders en schijnn
311 2325 2439 2558 leeren dan te duijgen, de balleerch sed vanden
234 2451 2365 2709 tebeligen pance Gadena d’ vapogende den selven
509 2611 2354 2835 de kenden toe deroie offe te reduceren
206 2751 2377 2997 tot sijnen onder tubt: waer op dan goetgevonden
219 2901 2395 3082 is, de ld: Cornelis speelman ordinarij ragd van
209 3026 2274 3261 Jndias, mitsgaders admirael &:a over s Comp:s
176 3153 2278 3379 uijtgesive maght na de oostcult van Iava, bij
208 3294 2379 3558 dns schijpven, derwaeren ape Eende, aent knpigen.
218 3457 2343 3666 ende bekent de maecken, soe wij na voorgaende
152 3615 2210 3838 deliberatie Enparigelijck gegesolveert ende
222 3686 2393 3987 vastgestelt hebben gelijckdoen bij desen, dat den
2023 3938 2314 4083 boven
