2967 4760
107 96 304 234 274.
213 233 420 397 274
742 60 2982 516 Waendagh 6:e december A:o 1617:
834 729 2801 948 e H:r ordinaris raad van India Lauren Dit..
763 908 2825 1099 vergaderingh gebraght hhebbende de natulen uijt
86 957 661 1194 Buijes onde
698 1071 2814 1233 de ontfangne brieven ende verdere papieren, van
86 1135 634 1258 saaken van banda
695 1204 2780 1413 Denda. welckens beantwoordings zijn E: als
696 1347 2853 1564 nu stadt bij de hat bednemen, soo is na voorgaende
653 1528 2685 1711 delibere op versckeijde saecken, die provintie
695 1652 2561 1822 raeckende genomen het navolgende beoluijt
716 1929 2778 2115 Aenmaende de fortificaien, ende de voorgesteerde.
81 1921 657 2143 e Bekdeinig dende
81 2109 622 2229 fortificatien aldaer
763 2100 2836 2297 entrace verbeveinge van deselve, is goedgevonden
69 2184 405 2349 uijtgestelt
679 2226 2796 2434 ende vendaen, sulcks nogh wat uijt de wtellen. tot
692 2367 2866 2609 dat het in ons vermogen zal zijn, tot voltreckingh
703 2508 2907 2707 van dat nodige werck parteije lijffengenen derwaerts
706 2666 2914 2825 te bestellen, alsoo het gebruijcken, van Buirlingen
52 2678 687 2904 de Hurlingen sjnte
56 2861 366 3014 Kostelijck
702 2822 2902 3012 tegenwoordigh met de gelegentheijt van ’s Comp:s cassa.
691 2935 2813 3181 niet over een en komt dogh dat eghter met hed
694 3089 2806 3330 nootsaecklijcke, en’t geene tot nodige defensie
686 3249 2981 3473 niet en kan werden geexcuseert, op het onkostelijckste
50 3273 689 3462 egter sal met het nodige
58 3420 713 3587 mogen werde efgaen
693 3388 2889 3626 sal mogen worden voort gevaeren: gelijck dan oock
675 3525 2863 3733 goetgevonden is. toe gestaen het bouwen van een
47 3588 718 3755 als oock met het bouiweer
48 3740 656 3843 van een nieuwe Kerck
686 3688 2809 3941 nieuwe bet op het Eijlandt bij, ’t zij van
52 3817 615 3943 op ’t Eijlant im
31 3855 2763 4055 op dat maniten houdonseteen, na lijts gelegenthuijk dogh
677 4031 2882 4226 alles soo spaerdaem, ende med nagieus als doenlijck
2480 4239 2660 4403 zij
