2906 4754
70 60 209 216 22
128 159 324 325 22
603 255 2582 460 die de Coomp:e den dorloos aendoreaner e
630 443 2795 641 wil ggeden besitten sodanige vanden, den gereghtigheden
645 605 2586 789 als ons voor desen jnde provincie van Cantouwer
636 758 2765 940 door den sleijck van Mladre bij Contract zijn
643 927 2755 1177 vergunt en toegestaen handelen als een
646 1087 2734 1272 opebar vijande, ende niet alleen hem; maer oock
647 1248 2770 1479 den overse erchan  groot guvenneur vande
671 1411 2503 1644 Linsiense beneden handen, en voorts sodanige
637 1575 2562 1802 plaetsen langs de Cut van India, als zijn
647 1724 2524 1936 gehorende onder het gebiet van Disiapour
635 1856 2723 2098 soo te water als de vande alle mogelijcke voonden
646 2001 2718 2247 en afbreuck te doen, hem senchian Loddij, oock
652 2160 2860 2402 weijgenende, ende onthoudende assen, ofte zeebregen,
653 2319 2749 2571 voor ziie schepen d’ Ende om te verhoeden alle
645 2488 2630 2734 schaden, en affroen, die de Comp:e door gem:
651 2664 2658 2861 vijanden moghte werden toegebraght soo zal de
599 2822 2787 3049 Heere gouvern:r ende den Raadt, hier van alsoren
663 2979 2798 3216 op ’t heijmlijckste kennisse geven, na Malladier
638 3106 2820 3314 ende Cormandel, op dat de residenten van Dingun„
633 3298 2792 3490 la, Coudewaer, ende Tegenepatnam, bij tije mogen
638 3460 2816 3689 opbreecken, en jorge dragen voor de versekerings
641 3612 2581 3835 van ’s Comp:s middelen aldaer: zijnde onse
615 3789 2722 4007 hoope dat hier door deselve wlooren (die geheel
2179 4024 2699 4226 Canssouwer
