3020 4780
128 49 284 214 86
162 149 319 299 86
835 159 1472 509 ijgt
1730 169 2737 532 Maij A:o 162
759 588 2752 876 Heere Gouverneur generael heeft de ver
2695 803 2795 902 m:
47 712 2762 1013 Een lack off Indik, gaderingh bekent gemaeckt hoe die vanden eerw:
39 905 639 1049 Kuijs te maken aent
651 923 2800 1171 stercken raadt door haer E: gecommitteerdens
34 994 565 1147 socken huijs voor de
560 1097 636 1253 —
56 1095 590 1272 maleijtse gemeente
661 1089 2860 1306 hadden doen versoecken, dat de Maleijtse gemeente
661 1214 2807 1453 alhier mede moghten hebben, een bequame ende
650 1359 2829 1573 vaste plaetse tot oeffeninge van onsen, ende haeren
662 1506 2797 1738 christelycken gods-dienst, in deselve Cale, waer
656 1638 2819 1834 toe als nu door gebreck van beter gelegentheijt
614 1788 2877 1973 de beneden zale van het sertadt huijs wert gebreckt;
611 1906 2813 2140 dat vorders gem=e haer Eerw: ten voornoemden
631 2051 2756 2276 eijnde hadden doen voorstellen, een gedeelte
656 2174 2825 2402 van ’s Comp:s Hospitael, aen de Roord zijde alwaer
660 2321 2906 2543 nae haer gevoelen soude konnen, worden begrepen
650 2454 2557 2677 ende gemaeckt een bequame kerck. ofte
664 2589 2816 2824 predick plaets, ende dat met weijnigh onkosten
526 2732 2812 2902 da zij oock meenden, dat door die vande selve
660 2896 2712 3089 gemeente, en ondere vrijwilligh, soude werden
649 3009 2613 3161 voldaen, ende betaelt; waer op gedelibereert
2777 3166 2836 3258 —
658 3123 2693 3338 ende geconsidereert zijnde, dat deselve zaele
643 3256 2818 3448 in het stadehuijs rij wat kleen, ende voor een
633 3408 2802 3630 smenighte menschen. in dese boete Landen oock
655 3579 2747 3746 wat te bedonpt zij, behalven dat het bij eenige
655 3698 2878 3864 van dentatie, een jnbeeldinge van kleijnaghtingh
625 3797 2814 3981 schijt te veroorsaecken, en genomen te worden,
2354 3992 2613 4159 even
