2992 4763
2435 0 2494 94 P
2212 94 2318 214 1
417 42 616 263 310
72 92 263 228 310
2557 174 2651 292 1:
807 325 2703 540 „ente onder dane werden gebroken. gebrtuckt, oft
758 493 2731 655 vinreert tot beveltinge van't welcke wij dit Instrument
691 592 2705 751 van raificatie met onse gewoonlijcke hant teeckenings
659 689 2678 870 en het egelvan voght gemelte enenaele sleden
773 789 2743 996 erjeer den afstendesche Comp hebben bekraghtig
696 956 2676 1203 Jn plaeng=s van den Eew: predicant Carolus
663 1117 2809 1334 rlanteu, die na tematen beroepen zijnde zulcks
658 1245 2830 1465 geweijpert mitgaders zijn verlasfinge na t vaderljndt
683 1386 2844 1581 versoght, ende oock bekomen heeft, is goedgevonden met
62 1425 678 1638 J Saett den dan
45 1553 2860 1692 van van den smmmunicatie van den eerw=t kercken raadt te verkiesen
57 1663 677 1793 Cern: vander slujk huij
680 1655 2792 1812 den Proponent Cornelis vander Hluijs, althanse
38 1743 615 1886 mbona atr terna
660 1765 2828 1918 bescheijden onder het gouvernemente van Ambana, al„
66 1832 383 1990 beneg
668 1864 2804 2030 waer denselven door den Eerw: kercken raad na
31 2027 2780 2201 en alorens in amton voor gaende nade Examnadie jn het predick ampte
41 2126 622 2242 tot het Predickam
674 2125 2754 2329 zal worden bepestight om dan sodanigh mene eerste
27 2214 564 2339 te laten bevestigen
681 2241 2806 2423 gelegenten verdaten te vertrecken werdende zijn
633 2411 2884 2546 Eerw: nu oock met eenen in quaiteijt van Dredicant
658 2484 2823 2667 toegevoght een belonings van Negentigh guldensder
24 2480 682 2688 onder een kloninge van
33 2615 2754 2776 90. armaent un maen bendens de verdere molumenten onder
20 2734 357 2905 daer
652 2729 2642 2931 een nieuw verbandt van drie aghter volgende
645 2845 1016 2997 jaeren.
832 3059 2705 3334 Tatavia jn't Casteel datum als voren
2094 3479 2693 3733 Aan gouis
2118 3702 2794 3899 Lauvent Pit
1973 3827 2868 4047 p. A. Overtwater.
1082 4266 1884 4498 J Joantamphruijs
2189 4343 2622 4563 Havitroen
1185 4407 1451 4663 ks
