2955 4730
2027 17 2071 152 8
83 11 262 236 160
182 169 370 316 150
2617 372 2661 430 tr
627 216 2629 507 Wesee madiee dien geder et andeet in de slijen
489 387 2679 632 souden konnen schuijlen, ende dat jn allen gevalle
522 559 2601 722 de Engelsen daer door jn haeren handel werden
616 672 2649 867 gestijft; maer daer en tegen, weder geconsitereert
620 778 2708 1018 onse benodigstheijt van graenen tot voedeel van dese
647 950 2644 1161 volckrijcke hadt, en andere plaetsen, die van hier
2749 1004 2796 1117 „
634 1061 2822 1290 moeten werden geprovideert, soo is goetgevonden de gem:
18 1130 613 1375 deijk her verlopen van
599 1204 2647 1422 Carwe, voor reeckeninge vande Comp:e den genengen
-4 1326 639 1476 Haere andere Coopmansz
636 1349 2752 1527 tot Veentigh rijcxdaelders het last, dogh het verkopen
3 1412 397 1557 te verbieden
642 1485 2780 1701 van eenige andere mede gebragtte waaren absoeut
634 1611 2837 1845 te verbieden, met bekent makinge dat zij het aennemen
541 1759 2775 1926 van deselve terwe niet anders maden aensien als een
625 1903 2716 2120 gunst en discritie voor dese reijse, tt verhoedinge
627 2009 2809 2197 van Haere schade, en houden dat sulx p toekomende
624 2162 2696 2417 sal gevolgh hebben ofte worden toegestaen,. j
686 2340 2710 2630 Batavia nt Casteel datum als boven
1593 2594 2734 2837 Jaan shaetsuijker
2016 2782 2641 3072 van goens
1923 2998 2680 3206 aur en dit
1872 3157 2891 3392 p. Rdertiwgter.
1885 3319 2660 3532 Constanten Paangs
1923 3466 2769 3682 VS: eantvi
1971 3624 2691 3924 Rhclee
2309 3879 2687 4154 en
1898 4193 2712 4474 Van Campauj
1916 4388 2168 4583 Secree
