2991 4761
82 122 281 310 268
93 286 340 445 268
483 415 590 483 —
667 319 2818 604 Tijnsdagh 20:' November A:o 1677.
897 537 1438 776 o: 1
608 779 2790 1030 Voor het vertreck vande h: Ordinaris raadt van
640 970 2747 1215 Jndia Constantin Ranst, na ’t lieve vaderlands
577 1142 2751 1363 de bedieningh van Prasident van weesmeeteren deser
571 1321 2675 1475 stede vacant geworden zijnde, soo is na delibenatie
670 1422 2752 1647 goetgevonden, daer toe weder te verkiesen, de bx:a
47 1458 683 1687 d: H: Pieter van Horen
48 1641 649 1761 Resident vande wees„
666 1567 2745 1814 ordaris aade was India pieter van hoorn, als
58 1712 651 1810 Camer in Plaetze
30 1777 597 1905 vande Heer Ranst
581 1741 2778 1970 zijnde den 4:e Iunij jongst leden tot die dienst mede
738 1868 1478 2107 wnnrt ef
653 2082 2802 2348 gelijck mede goetgevonden is, de beantwoordingh der
36 2208 662 2421 M: Panilte a edrij
654 2263 2885 2503 ontfange brieven, en vordere papieren van knboina,
43 2382 644 2515 de beschrijvinge dan
58 2465 365 2557 Amboina
657 2434 2244 2652 ngelijcks eenigen tijt bij gem:e E:r C
2316 2447 2818 2655 t tin
656 2566 2154 2798 d aist waergezomen, geweest zijnde, en t
2647 2624 2779 2785 de
649 2712 2065 2940 H:r Raad exrerd: van Jndia, nt
2347 2721 2800 2914 „„ die
649 2851 2765 3081 sulcks te doen oock bereijdtwilligh aengenomen
626 2979 910 3205 heeft.
633 3150 2732 3395 Om na Ambona overte voeren den nieu verkoren
526 3325 2644 3556 gouverneur den E: Robert de Dicq, en na
2664 3437 2741 3510 —
608 3465 2766 3686 Macasser den nieuw geeligeerden President den —:
637 3642 2787 3823 Jacob Copb: is goetgevonden, aente leggen, en geneet
14 3679 676 3854 ’t Sagt d’ Alepander direct
26 3821 614 3932 en ’t Pagt Iapan over
659 3779 2744 3928 te doen maecken de Jaghten klexander, en Iapan:
5 3851 648 4030 Macassar naer amboine
636 3903 2846 4108 sullende het laest genoemde na dat gemelte E: Cops
15 3989 304 4141 aengeleijt
633 4047 2754 4258 op MMacasser gebraght, ende het jngeladene aldaer
2424 4249 2726 4361 over
