2972 4752
2409 89 2581 254 291
2604 130 2800 291 291
2018 324 2095 479 3
165 251 1892 537 ijnsdaga 14: alcemp
583 446 2320 719 de Heer Gouverneur Generael door jndiagost
825 631 2265 814 en zijnlijckheijt aeneert igh uijt de vor„
1256 733 1650 896 gaderingh.
970 761 1176 948 e
139 865 2301 1197 ast en ae petings dines bij venste soule copen
184 1103 2276 1322 man; ende ingeseten hier ter sjde te bennen egende
193 1206 2353 1396 hoe dat hij tot Rambangh op de oostciust van Java sadde
100 1348 2271 1611 doen maecken een chaloup groot ongevaer 10: lasten
178 1479 2308 1734 niet voornemen om deselve jndiense heg tdogh waere
43 1662 2310 1890 versclnen na ampring te zenden versoeckendage a
2422 1744 2680 1937 Den
193 1792 2903 2049 hem in moghte werden tegestaen. die wonagie van geaccart net n
2253 1953 2905 2091 miruw gemaakte sloep
138 1933 2224 2161 abande te laten onganck nemen, als geen hop
2237 2030 2894 2165 van Reinbang natr
2257 2119 2859 2283 ambouge te mogen
163 2123 2184 2286 meer hebbende dat desele choaloup staende det
2290 2199 2694 2367 vertrecken
171 2232 2277 2439 wesde moulon, dwelkk nu vrij sterck door blaest
157 2349 2187 2601 hier 4 Baavie zal kennen komen waer op
96 2503 2229 2767 wijnde gedelbereert, ende tgeconsidereert, dat aen
161 2661 2274 2922 onse jngesetenen van die na de oosterde pupvintien
164 2794 2265 3064 vrtende; niet die is verboden de gem:t Cust van
128 2960 2281 3216 Java sagpelopentende aldaer off ten dele off gut.
69 3122 2274 3299 geheel qnenenten, haere ladinge van rijs, en andere
157 3260 2161 3439 behoeften die zij oordelee dat den plaetse van heer
147 3361 2244 3577 vrnemen niet voordeel zullem konnen worden
144 3550 2257 3732 vertiert, soo is goetgevonden, den selven beij vinks.
136 3637 2250 3846 zijn versoeck te accorderen, en toe testaen, mits dat
51 3740 2871 4014 aghter oegende de oude generale ordre directelijk Mn n 't woedg„
2283 3934 2871 4059 tnt uijt amb
59 3906 2804 4166 van Ainboma, zal moeten her waerts keren. sonder op lijtia aan met
52 4035 2646 4283 de gemelte Cust van Java ofte elders eenige plaetsen hen te doen
19 4173 720 4363 aen te doen.
2004 4328 2195 4464 aen
1473 4494 1552 4596 4ij
