3009 4770
2374 80 2555 253 307
158 140 2508 567 Bijns dagh 2  december A:o 162
195 776 2371 1048 Den gesident Willean saaff, tot Pantum ons bij
196 961 2248 1158 zijn masse schrijven beket gemeeckt hebbende
223 1095 2472 1285 boedat aldaerruijt Wan over Sram aengekomen
196 1226 2201 1435 was seker vortugees scheepe genaemt Naser
194 1354 2332 1591 signiar salvador de ionde geladen met orgepae
199 1499 2394 1671 140: a. 160 lasten rijs die hee selve tot voor noemde
192 1637 2377 1853 siam hidde jngeladen, ende waer voor den Puethan
260 1783 2396 1984 gepresenteert haddg 48: spaerse relben de Coijang
214 1906 2357 2133 zijnde 1¼ last Bollants dogh dat der portugesn
107 2049 2227 2240 daer toe niet konnende verstaen. genegentheijt
197 2180 2375 2392 hadden geshoent bij met gemelde vustscheepje
206 2318 2343 2504 na Batavia, te vertrecken, ende aldaer de
213 2445 2376 2665 selve rijs te verkopen, offe aen d’ E: Comp:e te
214 2587 2344 2759 leveren, tot 10. lp:r het last waer toe den
218 2724 2425 2967 resdent Caafs„ Iaer van oock hadde geammree
206 2872 2353 3114 en welck scheepe hier, nj ter erhede gearris
217 3016 2433 3241 mitsgaders de opperhoofden, bij haere genegenth:
222 3149 2482 3386 gebleven zijnde, soo is na deliberatie goetgevonden
2318 3227 2930 3459 den Rijs door een
216 3301 2238 3531 en verstaen, alle haer mede gebraghten rijs ten
2333 3398 2970 3538 Portugees schilpj uijt
226 3440 2254 3662 voornoemde prijse van 40: rjcxdaelders het last
2321 3500 2910 3630 Siam hier aengebragt
2356 3576 2956 3722 voor de Comp: te Elore
231 3565 2314 3743 voor reeckeningh van d’ E: Comp: aentenemen, ende
2354 3667 2925 3808 tegen 40. lb. t Jast
208 3728 2346 3896 die oock alle onder opsight van d’E ontfanger general
2358 3793 2921 3914 en die dan weder tot
221 3867 2359 4033 ende den Licentmeester public op de marckt te laten
2360 3886 2917 4022 gerieff dir gemeende
2369 3961 2939 4075 op de marct te laten
228 3938 2331 4145 verkopen, de vijff gantangh voor een rijcks daelder
2375 4054 2687 4187 verkoopen
218 4094 2309 4282 om alsoo voortekomen. de snode practijcques vande
2128 4319 2320 4409 voor
1495 4283 1620 4462 298
2657 78 2847 244 303
