2955 4743
53 5 253 180 ƒ 142
285 112 499 323 142:
646 56 2882 483 gunderge gene petep honden ege hopen de
664 426 2817 603 verminderen, ende deselve met de fluijt soestdijck,
2 415 651 598 en dat Geval na Mnalaccu
4 555 622 718 te zenden met befluijt
671 556 2767 743 jnsgelijcks als doen, tot die voijagie aengeleght, so
34 636 299 800 Soodjeh.
646 685 2789 891 haeft als mogelijck zij, na Malacca, te zenden
31 853 2736 999 die aan voort na Bengale van waer deselve fleuijt dan voorts u imeer de
20 968 689 1123 sal werden geEmploijeert
647 924 2770 1150 schepen, uijt Iapan daer sullen wesen aengekomen, nae
528 1079 2758 1252 Bengale, sal werden, geemploijeert, als zijnde een
664 1215 1499 1406 vlotgaende bodem.
644 1351 2791 1568 felijck mede goetgevonden is tot overooer vanden
655 1501 2845 1719 Extraord: raad van India en geeligeert Directeur
675 1646 2801 1844 van Bengale de H:r Willem Volger, aenteleggen
44 1628 577 1814 tot transport van de
27 1774 672 1882 Heer volger na Bongald
668 1754 2687 1943 ende gereet te den maken, het jaght goetbegin,
31 1853 598 2002 aengeleijd ’t Jaght
661 1887 2791 2090 jnsgelijcks, een ondiepgaende Bodem, en bequaem, om
30 1938 376 2098 Goetbegin.
670 2007 2772 2150 over de bancken te komen, sullende dan voorts van
604 2138 2824 2322 Bengale, na persien, werden gesonden, met de jngekogte
33 2120 608 2334 twelck dan voort na
21 2293 573 2440 Perna zal gaen.
663 2268 2826 2462 suijckeren, en ’t gene meer voor die directie zal wesen
587 2395 1185 2566 geeijscht
678 2518 2888 2708 Bijders is goetgevonden, te ontakelen, afteleggen, ende
661 2673 2667 2856 „aende meestbiedende te verkopen het fluijtschip
21 2642 672 2879 de Cost Cetenbigh op
45 2805 675 2979 leggen en te verkopen.
673 2807 2829 2970 Cattenburgs, als zijnde volgens, schriftelijcke verklarings
663 2915 2833 3086 van den Equippagiem: Iacob Geus, ende eenige gecommitt.
646 3025 2806 3216 schippers, t' eenemael afgevaren, en onwaerdigh, om meer
617 3142 1617 3338 reparatie aen te doen.
618 3252 2711 3486 Batavia jn't Casteel datum als voren
1879 3461 2881 3711 Joan s Raetsuxker
2074 3633 2797 3856 van goens
1872 3855 2754 4048 Zouvort het
251 3880 1264 4073 Peter vanooln
1976 4000 2952 4203 p. A. vertwater:
533 4006 1058 4237 Raihoo —
1984 4129 2768 4347 Constante anst
511 4246 924 4520 Pr
440 4432 1097 4676 van Camgeruigsn
