3021 4792
3 426 156 558 „
2 651 143 816 P:
2701 121 2948 311 147 5
2747 264 2897 425 147
203 348 2415 578 opperhoott van die negotie te gebruijcken den Coopman
2857 500 2993 618 Jn
2414 554 2990 690 daer toe te gebrujk
211 536 2362 742 Jacob vander plancken, een persoon van vereijschte
2397 639 2952 765 den Coopman Jacob
189 671 2321 840 bequaemheijt on met de arraccanse natie om te
2389 708 2959 863 vander Plancken.
203 817 2355 975 gaen als hebbende d’E Comp:e voor desen, verle Iaren
197 917 2187 1122 jn dat rijck gedient; ende aen wien dan oock zal
2193 1081 2365 1160 na
191 1074 2312 1256 werden gegeven last, en commissie, om vanden Co:
194 1171 2294 1376 voor het aenstaende den handeljn zijn landt te ver„
188 1318 2341 1525 soecken, het jongste Contract A:o 1653. tusschen.
181 1437 2315 1668 zijn Wlajest: ende den Commissaris Ian Goessens
198 1582 2330 1760 te continueren, sodanige pravilegien, en vrijseden
182 1692 2319 1912 te bedingen, als bekomelijck, ende d’ E: Comp:e
2306 1722 2896 1877 die aldaer weder een
2291 1842 2893 1963 Comptoir stabileren
185 1810 2251 2006 tot haere Negotie dienstigh sullen zijn, wijders
2294 1906 2943 2037 Den eenige suppoosten
197 1940 2285 2109 aldaer weder een Comptoir te stabilenen, ende het
2327 1990 2805 2099 overlaten zal
182 2061 2281 2241 selve op zijn vertreck versien te laten met een
184 2184 2319 2374 bequaem onder coopman, als opperhooft benevens 1â2
188 2323 2375 2528 pennisten, en voorts sodanigen bekropten ommeslagh.
181 2449 2271 2656 als eenigsins practicabes zij, sullende ’t een
190 2576 2226 2796 en ’t ander  bij onse mede te geven jnstructie wat
2208 2649 2273 2807 —
186 2700 2244 2908 klaerder, en omstandiger worden uijtgedruckt
297 2906 2227 3122 De Heer WWater fiscael Pieter pauw, eenige
2226 2938 2267 3093 —
2362 3059 2836 3216 de H:r fiscael be„
172 3098 2264 3269 dagen verleden, ter hand gestelt zijnde, verscheijde
2366 3170 2849 3298 Excueeren van ’t
169 3191 2376 3383 papieren, ende geschriften, tot laste vandeH:r andres
2382 3248 2941 3372 Proces tegen d H:r
2368 3337 2740 3479 Bogaert.
194 3314 2335 3488 Dogaert. met bevel, om volgens expresse ordre
179 3445 2351 3650 van onse Heeren principalen, bij haer Ed: missive
181 3583 2298 3767 van 281: september 1675. uijtgedruckt, ende bij die
196 3714 2336 3908 van 21:o october 1676. weder ernstigh gerenoveert.
175 3837 2323 4005 zijn E: jn reghten te betrecken, ende tegens hem.
202 3985 2292 4177 na gebruijck en behoren, te procederen, soo heeft
166 4100 2137 4307 gem:te heer Pauw, als nu seer ernstigh, ende
2008 4240 2143 4414 eer
1473 4427 1653 4565 1
