2954 4701
65 17 233 159 130
190 92 356 259 130
4 438 616 658 acte van Ratificatie
617 78 2684 452 Jan Maetsuijker Gouverneur
645 344 2798 545 generael, ende de Raaden van India, allen den genen
650 494 2756 674 die desen sullen sie salut, Rlademael wij tot beschermings
641 616 2721 797 en adsistentie van den Sousousounangs, Wlatgram, jn nae„
634 735 2692 851 kominge van het Contract A:o 1646. den 28 september
633 859 2759 1042 met zijn maeijes: gemaeckt, op diverse tijden na de Oostcust
637 1015 2825 1182 van Java, hebben uijtgeset, ende afgesonden drie aensienlijcke
625 1085 2798 1313 scheeps, ende krijgs maghten, d’ eerste den 26 februarij 1676
638 1233 2790 1374 onder het beleijt vanden Cap: Jan francen, de tweede
552 1341 2729 1513 den 6 Augusto, desselven Iaers, onder de vlagge en het
626 1495 2831 1654 Commando, vande H:r Majoor Christiaen Poleman, ende
541 1564 2774 1720 de derde den 29:e December jongstleden, als mede vervol„
633 1699 2680 1879 gens na die tijt, onder het oppergesagh, ende beleijt van
638 1812 2834 2011 d’ E: Heere Coornelis Speelman, tordinaris Raadt van India
630 1975 2810 2076 mitsgaders Adimirael derveld overste &„a ende dat op den
644 2046 2786 2245 28en februarij deses Jaers 1677. tusschen den selven E:E:
629 2170 2707 2368 heere specluan, ende den Heer Reeij tlesen angsa
628 2279 2867 2420 Diepa, groot gouverneur van alle de Iavaense zeehavenen
632 2406 2616 2582 ende expres gevolmaghigde van zijnen Heer den
619 2530 2629 2694 sousou hounangh boven gen:t zijn gemaeckt en gesloten
620 2661 2813 2783 sodanige nader Articulen, ende poincten, als hier voor soo
623 2769 2755 2963 jnt Nederlandts als Iavaens beschreven staen, ende
616 2878 2786 3078 door gemelte zijn Waejest: den Sonsonsonnangh Mattaran
619 3014 2807 3207 ende zijne vier zoonen de Pangirans adij Pattij annom
2681 3132 2845 3219 Dik
616 3126 2835 3329 Martasana Lougar, en Singazarie. oock zijn gcapprob:
613 3256 2761 3442 ende geratificeert soo ist dat wij als representerende het
2781 3341 2889 3457 m
601 3387 2887 3531 hoogste gebiedt, wegens de generale Nederlantse geoctroij:
2738 3528 2803 3622 —
617 3500 2751 3682 astjndische Comp:e jn dese Landen, deselve nader poincten
618 3604 2823 3774 en articulen, mede hebben geapprobeert, ende geratificeert
610 3732 2829 3877 gelijck doen bij desen, belovende deselve onverbreecklijck
615 3881 2760 3977 te onderhouden, ende te doen onderhouden, sonder te
551 3959 2733 4114 gedogen, dat het bovengemelte Contract A:o 1646.
2354 4078 2773 4268 gemaeckt
2795 55 2944 247 d
