3022 4736
2439 -37 2517 56 f
183 28 632 236 308 308
195 170 263 264 1
936 162 2819 521 opereeder door wele gebanden van lnaeijs
44 333 712 566 on deen den 1e ept:
48 524 517 649 van dat gaonte
695 504 2815 706 deselve opjaagen, alsoo tot nadeel van de arme
66 617 537 780 doorde Komen
690 605 2835 847 Jngesetenen haer voordeel en vuijl gewin soecken
683 768 2810 1042 van Craaan eadede daar otrent gelegene
464 890 2849 1163 dorpen ope egorije tijdinge gebenaen zijnde oe
706 1096 2757 1251 en het vertreck ende weder heuwaern ren
48 1128 685 1324 nige van Niuwe
68 1217 2793 1433 onroensen en onthelden vanden Cap:n fredick Hendiick scuclrmer
46 1356 2858 1537 erbantammels onse derwaerts uijtgelerte Crijgs mageht de zaecken
43 1454 687 1590 inlanden. en fatan
520 1490 2840 1687 aldaer weder waeren wer er gert. enooden oudet
673 1646 2798 1799 voet bekonnen voort tegaen, onder datoeck aldaar
672 1788 2665 1983 waegen aengekomen, gen: geetgetal pontambe
849 1886 2890 2123 aaet zij am de neesgeenen van hogen wertgen
627 2027 2678 2234 Heer den Soulouhounangh, onder d’E: Comp:e afte
698 2140 2660 2377 trecken ofde oock wel em van daer te oegen de
661 2335 2757 2483 slaven die van hier wegh gelopen ende omtrent
662 2425 2715 2643 gemee Cragan, aengehonden worden, en haer
650 2547 2758 2747 schuijsplaes weten te vinden, soo is indeliberatie
655 2693 2812 2904 geleght off tot wernge van sulcks en gevrijdinge
11 2727 692 2998 en dudarie de estig
678 2813 2664 3028 vande jngeletenen aldaer, mitsgaders bewarange
15 2908 633 3047 om een Lagger Inde
656 2927 2770 3152 van ’s Comp:e regst niet nodigh ende dienstiges soude
30 2987 634 3133 negorije Tanjongue
26 3080 431 3248 op te werpen
634 3039 2651 3287 zijn dat tot handangs poura, zijnde een vande
639 3216 2777 3379 voornaemste borpen aldaer, een pagger ofte andere
633 3335 2814 3522 vastigheijt wierde gemaeckt. en is goetgevonden het
582 3469 2800 3660 bekuijt hier op nogh wat uijt te stellen, en in beraast
6 3460 548 3660 datoghin haeer
1 3575 595 3779 betalt geho: den werd,
623 3589 2762 3759 te houden, tot dat ons nader tijdingh van daer zal
612 3710 1335 3891 toegekomen zijn.
891 3845 1019 4013 „
718 3880 2631 4143 de afgesondene vanden Coninck van Sumbaua
610 4075 2693 4240 van daser mede gebraght, ende aen ons vertoont
2313 4211 2677 4362 hebbende
