2961 4754
119 28 288 224 214
294 126 526 297 214
49 265 2811 511 de Zuijder sranden wel aff tot Eengepatan toer wel sullen mogten werden
69 436 461 577 te bewaken.
640 491 2791 673 bewaeckt, om daer door den sluijckhandel te weren
63 539 622 743 omden Peper onder
635 581 2730 789 ende alsoo onder Comp=s maght te houden den peper
39 687 725 843 E: comp:s maght te houden
697 696 2878 948 die doort speciael contract aen haer verbonden is, mits„
680 855 2830 1096 gaders om oock door dat middel deselve peper beter
54 905 736 1125 en beter coop te behomen
692 984 2699 1179 coop te bekomen, als nu zedert seenige Jaer en J
689 1148 2784 1357 geschiet, dat wijders de Nagias, door sagste en
57 1228 655 1455 de Ragies tot het na
696 1246 2868 1502 afbile middelen, tot het nakomen wan haere gedane
65 1413 700 1547 komen van haere beloften
664 1417 2847 1631 belosten, geamimeert, ende oock de Cooplieden door goet
54 1509 470 1629 te animeren.
679 1558 2837 1786 belet, na Conchin, getrocken sullen mooden werden
50 1584 599 1797 ende de Cooplieden na
51 1717 639 1897 Couckin te broeken.
691 1741 2788 1922 mitsgaders oock zoo veel peper, en andere handel
677 1864 2708 2101 waeren, als doenlijck zij, om alsoo jndeselve stadt
619 1992 2736 2247 weder te brengen het leven, ende welvaeren waer
550 2114 2749 2407 doorse ten tijde vande portugeen heeft gesloneert
778 2348 2768 2615 dat tot sawara, sullen moeten werden jngesamelt,
52 2455 644 2676 100 hasde rijs tot
671 2529 2784 2770 ende opgeleght niet uur, dan 1000: lasten rijp: dat
43 2638 658 2803 Cangra jnte Samilen.
661 2662 2805 2899 ooc tot voorkominge van schadde, en banqueroeten
657 2815 2849 3034 Iorge zal moeten worden gedraagen, dat den aldaer
32 2904 2813 3174 sorge voor barqueroeden zijnde Coopman pollepot tleijck, noijt aen d’ E: Comp:e
31 3063 392 3225 te dragen.
658 3110 2788 3334 maer die liever aen hem ten aghteren zijd, wijders
524 3245 2812 3443 dat na Coijlan, ende Cannanoor, ordre gegeven
160 3402 305 3558 2
648 3389 2757 3619 en aende opperhoofden ofte residenten aldaer bekent
636 3636 708 3687 2
647 3539 2767 3781 gemaeckt zal moeten werden, dat zij voor haere
616 3676 2760 3912 suppoosten, sullen hebben te verantwoorden, en jnte
653 3847 946 4002 staen.
611 3992 2682 4252 Dat volgens gedane voorstellings, die bij desen
2712 4194 2863 4305 let„
2348 4235 2884 4441 geamplect:
2567 4441 2659 4624 8.
