2973 4725
3 -5 79 96 „
158 316 2319 547 indepsais goet gevond en verdleen dien aele„
204 506 2330 679 gaende te persiseeren bij onse gegevene ordres
105 600 2319 811 indato 1: November 888 en gevolgelijck den Ed=r
196 752 2272 945 Dinecteur pibrand bdendaamidegaders zijn E
132 870 2311 1114 raads tot suratta: de anthoriseren, om deselve queste
96 995 2220 1206 jnder minne te veroffenen, ende dan aen gemelt
182 1115 2343 1349 Hertogs thnijnchan, sonder verder uijtstel de
182 1276 2268 1489 betalingh te doen, te weden onder sodanigen
191 1429 2203 1618 versekende quitantie, als nodigh zal weten om
2189 1523 2292 1595 —
183 1528 2265 1781 in tbekomende voor verdere namaninge vevrijdt
185 1694 2362 1894 te zijn. Ende is oock met eenen verstaen dat na
172 1820 2352 2061 vereffenings van gemelte reeckeningh, ende wanneer
106 1981 2284 2213 den voornoemde; Bartogh Amijn chan, sigh daer in
166 2122 2249 2340 na onse verwagstingh redelijck komt te gedragen
116 2223 2305 2473 als dan aendenselven, wel eenigh geschenck zal
160 2373 2308 2576 mogen worden gedaen, alsoo wij ons aln zijn Hoogheijt
130 2507 2196 2723 goede wille en genegentheijt tot d’ E: Comp:e
165 2624 2064 2831 al vrij wat weel moeten laten gelegen zijn.
151 2785 2209 3026 Aengaende nu de pretentie vanden Coopman
59 2995 2218 3191 gorrendas naer, waer van mede jnde ontfangene
190 3096 2162 3281 suratie brieven gemelt staat, is goetgevonden
162 3198 2191 3440 sonder eenige veranderings te persisteren, bij ons
186 3337 2343 3531 besluijt van dato 16:e october jongstleden, als doen
174 3479 2359 3714 bij resolutie, en oock bij afgesondene missive van 18: d:
188 3608 232 3668 1
154 3620 732 3767 uijtgedruckt,
154 3734 2266 4011 Jn plaetse vanden overleden Cipier, van ’s Comp: —
92 3972 2269 4149 Jgevangen huijsen, Andries Cauwlvous, is goet
1936 4171 1998 4238 O
1971 4138 2333 4324 gevonden
12 4244 170 4441 31
2763 90 2871 203 9
2734 250 2817 393 ½
2337 998 2953 1169 ende herveeschil jnde
2342 1151 2912 1304 minne te veriffenen
2314 2922 2924 3072 Pritentie van Karuen
2301 3028 2948 3132 dat naen, dien aangaend
2299 3091 2942 3202 te persisteren bij vorige
2291 3138 2601 3257 resolutie
