3012 4782
107 48 241 164 74
257 111 379 257 78
2586 226 2969 462 g
578 438 2781 626 7 Jacob geus, eenige gecoammiteerde verchippers. ende
40 487 598 679 ’t sagtije wiltenburgk
670 592 2602 710 den meester Timmerman op het eijland
16 596 669 808 afteleggen en te verkopend
671 693 2865 847 nuse aeten r geboedellt zinde dat
703 834 2765 1051 lecnes weerdigh is om eenige onheppen van
672 954 2774 1160 repalatie meer aenredoen, soo is goet gevonden
684 1083 2786 1328 het selve te doen onvaechelen, ende bij open„
672 1230 2790 1464 dare asslagh, aende meeerboedende te verkopen
917 1555 2765 1844 raet jn eergaderingh binnen n de Cppsz:
667 1700 2719 1966 de as van Jperen ootem en jn Dengale
41 1793 568 1988 Ien Shulijan de 73
60 1952 602 2052 lootsman jn Bengale
669 1881 2827 2110 ende onlongs met de flujt de graff: van daer
72 1987 609 2118 toegestaen met zijn
66 2080 645 2182 Huijsvrouw derwaerts
670 2046 2747 2238 berwaer aengekomen, versoeckende ficcntie
71 2151 474 2250 te vertrecken
666 2148 2669 2392 dan sigh alhier inder huwelijcken daert de
678 2276 2892 2486 mogen begeven, ende dan mier zijn dekmede
706 2424 2965 2601 buijsvrouw wederonde Gengaservertrecken,
660 2580 2877 2727 waer op gedelibereert ede geconsidereert zijnde dat hij is
678 2693 2929 2885 een ervaren man die d’ECommp:e aldaer jnt jn en uijt laetsen
661 2812 2836 2965 van batre schepen nogh veele waeren goeden dienst zal
606 2935 2887 3110 konnen doen, soo is goetgevonden hem zijn voorschreven
654 3057 2415 3273 versoeck te accorderen en toe bestaeng.
705 3188 2668 3451 Batavia et Casteel datum als voren
1869 3445 2815 3665 Jdan raetsuijker
2168 3564 2765 3834 van goens
1975 3818 2809 4010 Daeevens Pit
2034 3957 3003 4160 p. . vertwaten
2137 4090 2886 4319 Constantijn Pans
2142 4249 2959 4421 Pute van sooun
2325 4381 2875 4613 Clanhvor
1592 4425 2036 4613 Voan potia
1614 4578 1853 4718 1 41l2
