2964 4735
69 101 253 216 300
265 177 494 358 300
644 318 2597 561 beerl na venderen dij igst vaor geende resond
657 516 2647 678 van 15en deser vast gestelt, ende ’t welcke hem oock
657 638 2743 798 door gecommitteerde uijt den e: kercken raad is
48 643 565 867 van dathij Exdrisch
669 769 2327 953 aengesasp gecriseert off ieent hn
67 824 547 974 aan ijgte
741 955 2704 1204 Eu deustratie goetgevonden den pagsoer pij
43 1000 634 1226 Van Bgan desten
705 1100 2685 1331 Comp:s Coren moolen bert puttelaer warste
253 1189 444 1299 a
25 1188 273 1325 moolen
46 1258 2664 1399 en lagte ge estelff gemoet de komen, met het quijt schelden van een
2649 1243 2765 1392 —
659 1365 2665 1568 maend pagst pennin alsoo volgens schrifdelijcke
665 1526 2788 1707 verklaringe vanden saerijck adriaen de beeuw: desel
674 1625 2743 1829 molen zderd 1: angu a 29:e November
620 1793 2854 1980 beijde jngstleden der gebreck van water leer sraegh
671 1869 2857 2081 en langhsaem heeft omgegaen, en gevolgblijck ongevaer
656 2017 2922 2257 maer halff va veel heeft komnamalen als bij genoegh,
670 2152 2009 2379 saem water soude hebben gedaen.
607 2374 2801 2611 het brieffjen met de chaton de granaat appel aen
45 2446 583 2674 Driesse lij 1t
657 2555 2697 2758 den E: H: Conielis Speehuan ordinaris raade
32 2624 668 2760 entee aen
53 2730 2744 2892 dis hem: palman van Jndia &„ en zijn Eraads affe zenden door
36 2803 588 2935 geconcipeert gepp
813 2840 2813 3016 E: h„r rijcklossa van hos directeur gewarael
16 2885 668 3015 m met de granae
30 2984 284 3111 te gaan
665 2951 2874 3173 van Jndia ontworpen en uw de vergaderings voor gelesen
658 3093 2811 3318 zijnde: soo is het selve eenparigelijck geapprobeert
27 3107 164 3350 F
644 3222 2756 3408 om sodanigh jnt nette geschreven, ende iet onse
636 3370 2683 3577 gesamentlijcke onder tekenings bekraghtight zijnde
664 3487 2770 3709 op morgen p:r de gemelte Chaloup voort vonden de
654 3637 1040 3819 worden.
677 3774 2780 4046 On te dienen tot overvoer vant geejschte voor
11 3847 634 4074 de flhuijt grootenbijed
8 3965 2672 4180 aengelijt Jonkmer Timor js goetgevonden te emploijeren, en aente
651 4113 2777 4267 leggen het fluijtschip grootenbroeck zijnde tot
2524 4254 2750 4372 het
