2970 4706
61 93 285 259 316
567 299 2747 537 eonderheijt de Rijsde vis, en hoende pabere selver
543 435 2826 682 haere bescheijde plaetsen, aerictelijck hebben edde behouden
603 562 2800 754 alwaer, en buijven welcke peressen, het geyne zj handelen
629 677 2741 814 niet omdragen, en veilen lange eaatene niet verkoght
622 790 2733 933 magh wer den dae desupplianten kofgelijcken kleeden passer
637 868 2615 1077 nij soo verspreijt is, en wert soo dat ’s Heeren wegen
615 971 2653 1185 buijten en bnnen dese stadt nogh schijnen tekleijn te
558 1069 2764 1236 werden, om een klefden passen te extenderde behalen dat
2638 1175 2703 1273 „
482 1176 2655 1351 de Jngesetenen oock jn haere huijsen, het vreemde goet en
566 1268 2752 1433 degekoghte kleedend, niet de eijnigh en vertieren: keeren
634 1365 2791 1534 daer omme tot haere Ed:e heeren, omoedelijck biddende
633 1478 2638 1659 dat believen naer derselver voorsightige wijsheijt, en
664 1550 2748 1760 orge hienjnne te voortsien ende dienvolgens tbrietelijck
660 1680 2697 1820 de ordonueren, dat niemande van wat natie hij zij ’t zij
637 1734 2777 1905 vrije ofte onvrije met eenige port van kleden langs de wegen
639 1864 2720 1996 binnen ten buijven b restin dese saede voordaen zal
644 1959 2750 2087 mogen gaen venten, nogh verkopen, op groote en imverdere
647 2050 2722 2230 ane als voordesen daern gestelt is ende dat voortaen
649 2136 2724 2307 alle de geene dreheeden willen verkopen gehouden
653 2248 2723 2386 sullen zijn, ter plaetse van den kleede passer sulcks te
663 2348 2862 2473 doen alloo jnde passer van twee endertigh deni gedocken
662 2474 2749 2619 hedigh staen en de E: Comp:e oock daer van de huire
653 2521 2832 2691 en paght zal trecken na beborenn 't welck tgende R:a
633 2723 2607 2959 Welck reguest nt bisoijdere gemerckinge zijnde
636 2881 2893 3089 gelesen; ende geoordeele dat den verkoop dan vremde
650 3013 2683 3224 kledten, ende Lijwagen, die hhier meest te verluijck
653 3130 2713 3334 werden aengebraght, de gemelte Cooplieden en
642 3275 2640 3431 oock d’ E: Comp:e den hoogsten aadeligen zij soo is
657 3377 2813 3546 eenparigslijck wetgevonden sodanige erkatingh van
30 3342 621 3520 Wasop Ver sacuis
24 3492 623 3608 den Verkoop van alle
656 3489 2651 3636 moerse kleeden doecken ofte lijwaten ags mede van
19 3577 568 3679 mindelleeden en
660 3588 2839 3804 Cmphoen de geene die van de Comp:s geseggt zij daern
17 3650 613 3777 amphion alhier ter
24 3736 533 3856 stede te Verbieden
654 3731 2757 3925 niet onder begrepen) binnen dese stadt, ende de
13 3820 672 3955 Op Parie van Confiscatie
673 3835 2647 4050 Juriidigtie van dien jnt geheel te verbieden; ende
18 3911 507 4030 na 4. maenden
658 3965 2636 4108 om voor tekomen, de schaade onser jngesetenen
540 4072 2758 4246 die sodanige goederen, nogh moghten aende handt
2476 4211 2771 4363 hebben
285 178 460 349 316
