2929 4776
23 4174 70 4286 0
2746 66 2832 177 9
2652 216 2820 407 29
288 216 2430 506 ijnsdagte 2:' Februarj A„o 172
14 554 2147 764 E Alsoo de bediendngh van Equiagiemeester tot
180 708 2306 930 Malacca, mits het overlijden van Jan Joosten Dap.
2272 794 2864 1000 Barent Chiver tot
170 866 2194 1055 is komen open e vallen, en nogtsaecklijck weder
2286 954 2913 1074 Equippagiem:t op Malacca
2282 1038 2574 1153 gestelt
154 981 2253 1219 met een handen bequaem persoon zal dienen de
157 1140 2358 1359 werden gevult, soo is goetgevonden daer toe te gebruijcken
156 1272 2237 1471 Darent ijs brandsen iser, een ervaren zieman, die
152 1453 2288 1706 de Comp:e nu al 2 Jaeren na malkanderen, ende
152 1554 2184 1839 daer van 15 Jaeren, alschipen, wel en na gehoren
137 1712 2257 1921 heeft gedient, sullende wanneer met het pacht voort„
157 1855 2303 2064 wijck, waer mede sij van hier nao Wlocha, is vertrocken
141 1993 2286 2223 tot Malacca, komt te arriveren, aldaer tot het gem:t
143 2168 2328 2408 ampt van Equippagiem: en andere diensten werden
148 2308 2833 2542 gebruijckt; ende is jnsgelijcxs, aen zijn huijs vn In zijn Huijsvrouw toe
2242 2446 2808 2569 gestaen derwaerts te
146 2478 2264 2648 toe gestaen, om met het eerste schip mede derwaerts
2251 2522 2622 2688 vertrecken
144 2577 1241 2792 te mogen vertrecken.
77 2741 2245 2916 Beijders is goetgevonden te stellen, tot schipper op de
2272 2844 2894 3033 Ian Wilmsz de lighte
127 2860 2249 3049 fluijt swartsluijs Ian Willemsz de lighte, een onten
2268 2981 2943 3153 tot schippen op siwantilij
131 3029 2507 3229 envaren dienaer, zijnde althans j die qualiteijt bescheijden gestelt
137 3142 1459 3339 op het Jagsje Wiltenbungsz „
12 3267 2217 3548 Batavia in't Casteel datum ut Sipra.
1372 3504 2314 3737 Joan Raetsuijker.
1520 3663 2199 3888 Van 90. n=o
1261 3860 2143 4052 Zwaw dot Tit
1481 3968 2558 4174 p. A. Bertwater
284 3929 963 4184 Tdr Vnhener
364 4181 846 4436 Haer hion
1469 4210 2195 4516 Constanten Panst
268 4387 951 4661 JoanCamphuije
189 4569 595 4733 Seno
