2983 4770
89 260 197 440 8
2674 82 2852 208 305
2644 244 2840 408 395
204 280 1306 528 ornije beydt henvan
137 474 1184 668 (onder e lendtadent
1505 493 2290 658 auldens eetiee
187 613 1089 849 3: den den Iangs z
1153 638 1351 847 en
143 824 2242 1100 den besorait petre zijn eudachen op en heeft
2280 900 2824 1125 Taden Sn lagen
418 1004 2788 1249 Daccum: en oock bafsight deseendij overt mienee j
200 1148 1609 1353 Eijlandt ubij, vn deselve pe
187 1333 1722 1510 voegen: eet bekoningh van geden
111 1453 793 1629 sonder verbont
258 1616 2390 1924 De hp Dicesteur bneraes Rijskhof van hdens
194 1818 2342 2052 hebbende met de afgesondene van den Coninnk van
199 1932 2229 2146 sumbauwa een Contral gemaeckte wegens
203 2040 2964 2320 15000: p„s Iapfeaseut d’ welck zij beloope hebben taraat en seppen hel
2360 2235 2957 2369 vn d:s:r iisel: genterle
2143 2215 2355 2373 dit
193 2230 2017 2435 aen d E: Comp: te sullen leveren tegen g
2081 2322 2835 2452 n met de sambuse
2341 2367 2880 2520 eslanten gemaekt
191 2371 2808 2649 blt„picol. 1oo is goetgevonden der selve te rappobelen gepusbert
121 2552 2120 2750 ende voor geaentellen lundense van woort
212 2681 1105 2878 woort als volgt
187 2853 2335 3125 op Huijtear den 12:' accembea 16 ris usscn
101 3018 2330 3238 den Ed:e Directeur generaele Rlijckloff van goens met
214 3198 2211 3361 approbatie vande raaden van Jndia, voar en van wegen
139 3270 2409 3488 de geale keeerlantse geoctroijeerde oost Indische Comp:
217 3398 2328 3608 en Radin thapj mijne parou palassan, Radin Lawangan
219 3493 2309 3723 minne ranga totan, en Aodia derwits, alle afgesondenen
225 3632 2322 3835 vanden Coninck van Ambaua, over een gekomen ende ge„
213 3753 2357 3944 accorddert. dat zj jnde maent van Mlaij naestkomende
219 3899 2303 4069 op het gemelte eijlandt aen ’s Comp:s schepen, aldaer staende
65 3997 2244 4185 Daentekomen, sullen leveren de quantiteijt van Eijffchien
160 4087 2328 4276 duijsent Picols goet gaeff, groot, dick, root, en geen wit
1936 4249 2365 4430 sappanhout
