2939 4701
260 93 401 288 32
608 218 2712 469 waere en bij desen vastgestelde meninge zij, dat
598 434 2772 654 wij geen plaetsen, ofte vastigheden jn't besitt begeret
600 562 2802 748 te behouden, oock selve op Iapare niet anders dan
610 727 2802 947 een faarije gelijck voor desen sroo haert als het
530 851 2800 1085 Rhandja rust en onder een wettige regeringh zal
601 993 2761 1213 zijn gebraght, ende dat het belangh vanden Sousou„
589 1101 2832 1310 hounangs, selve, sal toelaten onse militie en besettings
606 1290 1560 1497 weder jn te trecken.
2704 1505 2808 1622 D
673 1446 2756 1757 ende dewijl wij met leetwesen uijt de bovengem:
615 1641 2602 1886 missive vanden 14: deser hebben gelesen, dat onse
598 1761 2732 1934 afgesondene maght door ongemene sterfte, en sieckte
600 1902 2730 2140 van dagh tot dagh, afnam, ende mercklijck swacker
592 2022 2813 2251 wierd: soo is om de zaack daer wij nu mede jngewickelt
599 2162 2761 2349 zijn, met erust te vervolgen, na serieus en veel over„
-15 2292 2794 2467 400: blancke militriren wegens, een parigh goetgevonden, metten eersten na
-17 2444 589 2585 na Iavas oostcust te
605 2443 2816 2635 Javas oostcust aftezenden, een getal van 480. blaijcke
-15 2503 262 2636 zenden.
621 2563 2698 2710 militairen, en tot over voer van de selve als ander en
606 2701 2760 2856 nootwendigheden te gebruijcken hett Iaght japan, ende
8 2749 615 2915 met de schepen Iapan
607 2806 2708 2997 de fluijt soestdijck, behalven het fluijtie marcken
1 2878 584 2999 soesodijck en marcken
612 2928 2848 3078 al voor desen aengeleght, ende nu ten merendele gewert
598 3068 2491 3291 zijnde om de reijse derwaert aentevangen,
559 3212 2783 3470 Belangende uu het emploij, van bovengemelte onse
613 3419 2773 3607 uijtgesette, ende nogh afte zenden krijgsmaght, en hoe
543 3534 2787 3782 deselve lot bevorderingh van zaacken, en bereijckingh
594 3674 2771 3868 van ons ooghmeeck zal moeten werden gebruijckt
596 3814 2746 4043 en verdeelt, is goetgevonden te persisteren bij onse
590 3948 2671 4179 genomen resolutie jn dato 9:' April, namentlijck
2227 4071 2553 4300 sulx
43 -4 231 169 132
