2988 4751
162 85 309 270 48
2797 167 2957 305 1.5:
222 245 298 342 4
283 224 393 394 18
1146 231 2852 496 hooderingse vinden abbertin veruijs jongp:
600 490 2782 651 geweest predicant, inde provintie Amboia, en van
22 456 668 717 albartus struijs gedepontert
732 593 2785 828 er gedeponseert hemat opgesonden, erdelkende
-2 650 720 798 Predicanm onder aln genomg
18 749 523 918 als Cuanchbesoeker.
649 726 2661 977 bij geschrifte dat hem zijn vorije vergrijpingen
592 897 2672 1095 gepardonneert, en hij weder in gemelde vaerdige
568 1058 2715 1268 dienst verstelt moghte worden; onderelofde van
659 1203 2592 1415 digh voortaen oodanigh te zullen dragen, als den
655 1367 2647 1567 preght Leeraer van Chricti kencke, toestaet
660 1484 2637 1715 ende betaemt; waer op gedelibereert zijnde is
650 1616 2812 1846 goetgevonden ende verstaen hem weder jn ’s Comp:s
582 1786 2731 2043 dienst aentenemen, als kranckbesoecker onder
670 1945 2725 2184 een Pentement van veertigh guldens ten maent
678 2120 2787 2331 welcke gunst wij verhopen, dat hij sigh door een goet
667 2222 2795 2441 Comportement zal waerdigh maecken, ejde ons daer
605 2382 2786 2624 door oock oorsaeck gevenjom vorder op zijn persoog
662 2566 1628 2804 en versoeck te letten
677 2697 2770 3000 aen d’ operhoofden van 't schip de vrijezee, zijnde
615 2944 2600 3129 den 22. april 1878. voor Reeckeningh vande
683 3050 2686 3269 Camen delff, in zee gelopen, ende 21.e November
595 3194 2626 3410 daer aenvolgende hier ter reede gearriveert
686 3355 2684 3585 is goetgevonden, op haer versoeck toe te poegen de
668 3497 2853 3673 halve premie zijnde soo veel als ordinaer voor een
691 3656 2411 3871 keijse van zeven maenden wort betaelt
683 3881 2608 4171 Om overte voeren ’t gebrekende op den eijsch van
2234 4165 2631 4346 1acasser
2731 4178 2897 4452 1
