2959 4752
143 67 596 293 399 294
2699 154 2776 250 1
75 267 2681 536 En geelgelijke minderden gedoegblijck hoe meer den boop hoe meer nade
78 442 739 563 Juankheijt de Compag.
62 516 737 639 maer derlies staat
732 496 2390 722 en verlief d’ E: Comp:e opdrengensouden
64 611 466 773 vetebengen
878 748 2805 1015 m de dienen te bemoe vande slaele die
91 919 2915 1141 Sn 20er bb de gelevert, ende bij d’E: Copp„e ontfangen zullen werden
74 1078 599 1204 otige 1400b: s
79 1164 700 1283 tt bedalinge der nageled
724 1082 2865 1353 is goetgevonden nogh 12009: rxd„s na amboira de
525 1269 634 1353 ia
696 1210 2920 1475 zonden, zjnde met doe 240000 den edeser derwaerts
833 1441 2862 1645 propecteert 2888: rid: contanten oock soo t
676 1593 2223 1787 veel als de gestalte van Comp:e
2431 1580 2696 1807 gest
692 1684 1168 1930 konnen hijd
1342 1822 1421 1932 t
690 1908 2737 2183 hot verseleckings vant quarnisoen jn Ansna, den
66 1938 675 2146 an e neterd
62 2117 385 2252 tot Reeren
707 2074 2736 2324 om weder tegen te konnen verhossen de gene die
691 2205 2809 2435 haer verbonden tijt uijt gedient hebbende tot langer
687 2362 2772 2587 verblijff ongenegen zijn, is goet gesonden derwaerts
694 2501 2791 2707 te zeden, een getal van 180: nederlantse milstaren
625 2651 2833 2935 op de opee desnde requssien van perschende Diendven
675 2827 2851 3070 in amboina zijnde bescheijden, ende gesterckt met het
669 2943 2814 3206 goede getuijgenisse vanden gouverneur, ende den
667 3102 2809 3352 raadt aldaer is goetgevonden haer sodanigen ver„
650 3252 2794 3461 hogingh, van qualiteijt en gagie toe te voegen, als
647 3431 1972 3592 hier onder staet uijt gedruckt
679 3554 2794 3781 Dden der gealt fouis mijon, van ook duijnkercken
10 3551 708 3790 Souij muijenin anten
6 3740 585 3882 vandright alzohuit
660 3723 2647 3925 zijnde eenigen tijt gebruijckt als revrstondel
8 3838 522 3995 40. g= 3. Iaer
649 3883 2936 4077 vaendrager jndie qualiteijt toe vevoegen een beleningen
655 4024 2765 4223 van 40: guldens  maent onder hen drie jarigh
650 4112 1084 4307 verbandt.
2321 4237 2690 4431 Ioannes
