2915 4743
34 75 303 229 148
240 216 426 388 148
609 290 2783 533 Eerbiedigh versoght dien aengaende geexcuteert
626 502 2757 633 te mogen zijn, eensdeels om de familiare vrundschap
612 610 2797 787 tusschen hem, ende den selven H:r ogaert, altijt.
613 695 2929 955 gehouden, ende ten anderen, om de als nogh continuerende
618 882 2723 1121 onmaght, jnt gebruijck van zijn reghterhandt,
622 1028 2809 1185 eenigen tijt verleden, veroorsaeckt, door een swaeren
609 1162 2920 1329 val, jnt visiteren van't schip ’t wapen van Wliddelburgh
507 1294 2784 1497 den 12:e April jongstleden, uijt Bengale hier ter
618 1431 2857 1614 rhede gearriveert, waer op na deliberatie goetgevonden
617 1574 2757 1783 is zijn E: versoeck toe te staen, ende jn deselve
23 1590 542 1807 Enpdie seack els.
522 1733 573 1795 —
626 1687 2659 1930 saack als fiscael te laten ageren UE:r gualter
37 1766 639 1881 fiscael te laten Agerin
19 1830 630 1991 m:r Gualter Zeeman.
601 1842 2716 2066 Zeeman, althans een hits, jnden aghtbaeren raadt
647 2038 2820 2219 van Iustitie deses Casteels, dewelcke oock kennisse
626 2136 2751 2349 heeft van ’t geene den gem:e H:r Bogaerd wert
607 2248 2746 2482 te laste geleght, als zijnde jnde Commissie vande
623 2380 2828 2604 h:r volger, na suratte, mede als fiscael gebruijckt
623 2551 1086 2742 geweest. d=r
625 2674 2774 2904 Js jn vergaderingh verschenen Aert Iansz. Puttelaer
-4 2803 631 3026 den Sue est eger
634 2875 2594 3084 Pagster van ’s Comp:s Coorningolen, vertonende
16 2975 620 3080 vande Coorpmolen 306:
8 2993 2789 3214 rychhb:r quijt te schelden bij geschrifte hoe dat hij door abuijs, en misgissinge jnt
1994 3137 2046 3213 uE
622 3131 2803 3343 afslaen deselve paght, hondert rijcxd: ter maent hoger
628 3271 2757 3444 hadde gemijnt als voorleden jaer; wijders dat hij op
629 3397 2734 3604 verscheijde tijden, bij gebreck van water niet hebbende
639 3529 2761 3705 konnen maalen, daer door nede grootd schade hadde
571 3664 2837 3864 geleden, versoeckende dat hem goedsulcx, eenige afslagh
634 3782 2820 3971 moghte werden vergunt; waer op zijnde gedilibereert.
632 3947 2781 4115 ende geoordeelt dat zijn versoeck, op de laestgenoemde
630 4047 2758 4252 oorsaeck, te weten het gebreck van water niet
2386 4224 2776 4367 onbillick
