2982 4729
82 20 243 152 136
270 62 445 249 156
594 260 2795 524 Sonder voorwendinge aen het Mogolse Hoff, dat ons
573 429 2825 656 die forcelijck was afgedrongen, soo wel als tevogens
598 588 2852 784 de gem:te 196 C: contante ropias, ende dat nogh den
645 714 2862 922 Directeur noghte tjemandt, van d’onse tot het vereenen
678 845 2848 1048 van sodanigen acte was geathoriseert gewest t
2776 967 2887 1058 ht
670 926 2884 1159 Ende al ist schoon dat wij het voorleden Jaer georden:
672 1056 2826 1261 hebben de gewone Jaerljckse schenckagie aenden
667 1220 2859 1411 Nabab jnte houden tot dat ons van sijn Hoogh:t beter
684 1327 2714 1506 genoegen soude wesen gegeven, soo schijnt het als nu
679 1498 2899 1681 te vereijsschen dat daer in eenige veranderingh geschiede,
586 1614 2880 1815 dewijl na ontgebruijck de komste van een nieuwen
549 1703 2727 1942 directeur (gelijck de H:r willem volger nu zal
644 1852 2662 2085 zijn) altijt onder het geleijde van een matigh
652 2005 2568 2229 geschenck wert bekent gemaeckt, bij welcke
666 2126 2842 2346 gelegentheijt oock wert versoght, den vredigen voort„
34 2216 635 2451 ter door gesjnhouden
661 2293 2746 2461 ganck van Comp: Negotie: ende is dienvolgende
33 2382 680 2501 van schenckagie aende
687 2383 2825 2609 goetgevonden het doen ofte jnhouden van sodavagen
34 2477 663 2627 Nabab Cha- E:rachan
43 2555 674 2713 te deferenen, aen de H:
2752 2583 2842 2685 te
669 2524 2814 2743 schenckagie te defereren, aent goetvinden, van gem:
44 2677 484 2825 Willem volger
653 2667 2767 2890 heer Volger, en den raad, gelijck mede hoe hooght
559 2829 2623 2964 deselve zal dienen genomen te werdenom met
657 2947 2809 3142 reputatie te konnen bestaen, Indien het nu moghte
655 3051 2745 3255 komen te gebeuren dat ons jn bengale, het uijtvoeren
656 3183 2785 3399 van rijs wierde verboden, ’t zij door quaetwilligheijt
644 3334 2720 3539 vanden meergem: PCabab. (tegens wien wij verstaen
19 3330 589 3550 jn Bengale geen rijs
2736 3400 2835 3555 an
33 3489 632 3622 te bekomen zijnde als„
653 3436 2819 3658 dat jn sodanigen geval sal moeten werden geprotest:
25 3567 635 3704 dan de overige scheeps„
654 3567 2732 3784 ofte oock wel om goede wettige redenen, ende eijgen
35 3646 669 3812 ruijmte na Canara dd
14 3717 315 3864 Zerden.
666 3689 2812 3917 Jnlands gebreck; soo is verstaen, dat alle de schepen
550 3804 2788 4054 die jn engale, tot het overvoeren, van reteuren
641 3961 2796 4187 overigh ofte onnodigh moghten zijn, ten langsten voor
2436 4155 2689 4346 't uijt
2676 4283 2766 4365 „
