2934 4640
929 -36 1024 93 2
2701 96 2886 254 5:
831 204 1449 550 Vormle
95 479 157 669 d
337 482 2530 669 bssen omper: men Esso tont toeen er : ot deine serend
590 621 1392 744 aenden shiet van ste
2645 638 2802 763 168
350 694 2358 873 de scijden oes tertleester, en Ernvolde vn aeftaer bande aegee
363 815 2397 976 d h:r piete van Boom presden vande eoskamen Inplaetze van
77 830 315 961 30. d:o
638 882 985 1024 deset 1
2477 895 2831 1045 „ 2500
1396 907 1735 1051 . p
352 971 2073 1158 des: pagiliaen opregen de beschrijginge van anbonin
344 1072 2585 1238 1 Jafhe daexander sd in tsagt davan over macnssernat ambonaalnder,
373 1184 2427 1353 en opperchirupsen slaven pontsilb met zijn Jnielie na bandr tegaen.
2508 1198 2768 1345 „ 209
1029 1533 1403 1725 va
63 1672 2460 1877 3: d:o kaminatiere n heepen schepenen tot den mencuerende Nijcndesteren deser
567 1794 749 1913 Hodl
2531 1902 2781 2007 281.
2393 1902 2537 2002 . „
329 1881 1305 2034 en geeligeerde vlijckmeesteren.
359 1988 1561 2116 lijs eijsschen voor amboina en bande tj
2489 1987 2585 2112 18
2069 2095 2760 2232 Prtrapa: 22
321 2070 1423 2236 12000. lb contant tellender naer daar
162 2129 235 2197 —
2648 2217 2706 2281 —
1761 2186 2564 2343 erband . . . . „
144 2202 1488 2335 dealij en taxentinge de bandnt: ge te
2296 2272 2706 2416 - - „ —
361 2295 1266 2422 spanbrock voor Comaden . . . .
305 2382 1306 2535 en't Jagtje bouw door deen bewa
1866 2487 2570 2644 dezoo ate maraster„
325 2495 1155 2642 gende Jagttens peere v
2063 2609 2215 2730 de
2475 2619 2592 2728 70
313 2598 1455 2743 en de slaen de doordus naer Collior
107 2754 234 2828 —
1525 2696 2467 2875 an in nde soede ginden
307 2703 1396 2875 den ouden luijtenant Pieter Colaffert
1426 2811 1545 2911 b
2467 2799 2758 2930 „ 233.
576 2793 1428 2911 naer amdona telaten keeren
298 2887 2546 3032 d’ operhooften van t schijp bmenia voor gedane ij op belad pelenie . . . „
85 3007 1482 3155 6: d:o besangies over de saeken van banda . . .
2467 3017 2775 3152 „ 274.
2445 3136 2558 3254 „
119 3090 1850 3282 — doverbeteringhgende soit scien aldee uijtvoste
2471 3228 2680 3337 „ —
306 3226 1306 3390 tehuurlingen sijn beheftelijck t.
2155 3365 2637 3460 . . . . - . „ —
289 3333 1940 3503 egtersal met her naege maaernden o gegaen.
1872 3406 2453 3608 plant hij, in en d
303 3441 1703 3607 als oock met het bouwen van een dieuwe kerck ox
2478 3515 2621 3653 „ —
2107 3500 2181 3693 3
636 3544 1142 3677 van manian
289 3574 2029 3788 100 soldaten op den eijsch van 180. naerbande aff verstepeken.
2104 3576 2756 3786 .. , 25
277 3718 2642 3883 200. lasten tarwe mde klijmde landie naerbanda besenden -- - - - - - - „ —
292 3814 2514 3975 besending de slaven en aen handel a de Cust van uole Cuinen
614 3916 1304 4060 in bandate doen - - . -
2417 3915 2779 4041 - „ 236
212 3977 2325 4167 door den Coopman Joog= keijts die met eenen hpert gequalificeert tot
2481 4080 2674 4230 „ —
629 4115 1041 4258 loorman
