2993 4723
64 56 142 181 9
177 163 324 304 94
2531 -157 2628 95 17
2828 138 2935 310 :
637 263 2733 495 Thac aeno, roff n isqua testamente lib: vers
626 452 2762 672 fucrat: 30 jnstit. de action. Ende dat sulx niemandt
2841 591 2904 713 1
540 593 2510 779 daer bij jnt minste verkort ofte geprejudiceert en werk
609 724 2901 937 diatrati nan videatur quad vice madaa dater de sucredit.
616 856 2838 1055 E i donata. A: S. spousus, Jn de doratajnt, 17r: duxer: 8
605 1000 2018 1227 sad. glossa. l. si preedia 5 doff: cod
711 1156 2834 1391 belangende de tweede vrage, seude verstaen, dat eenlijck
546 1335 2820 1516 de resolutie bij heeren Boedelmeeseeren op den 24:e Martij jougs
629 1422 2777 1629 leden genomen, ende gemeeeckt. nopende de jnogale partage
625 1542 2643 1695 en de doene uijtdeelingen van alimentatie leggende den
2624 1554 2771 1760 a
613 1669 2648 1876 getrouden sider commissaris enffgenaem twintigh, ende den
619 1821 2819 1952 gevrouden dartigh rijcxdaelders maendelijx tot hun onderhout
633 1957 2804 2110 toe, als strijdende niet en tegens de voorsz uijttersde wille
629 2024 2701 2220 van hem Conjock voorn: behoort te werden gejmprobeert
622 2142 2784 2295 ende vernietight, geconsideneert, de wille van een epaenr
629 2260 2769 2467 altijt soo veel mogelijck is precise gevoeght moet wwerden
632 2383 2792 2540 en dat den resateur, die jn desen dodanige mogale verdelingen
610 2514 2818 2701 niet in heeft gedaen mogh eenige diameende een desen eubjelde
622 2635 2796 2828 e heeft gemaeckt Edt boedelmeesteren geensind verwegen
633 2746 2764 2914 en zijn tot het nemen van sodanig partissae resolurie
624 2887 2749 3088 als voorez is. 1do per hoe, quod vulgotraatur, ubi tere
615 3003 2792 3208 non distinguit, nee nos distinguere debenus, maan dat
614 3164 2754 3328 jn tegendeel de overschietende bladingen vanghen, en in„
632 3302 2752 3459 komsten der voor tzafidei commissarie goederen, aenderselve
624 3384 2767 3572 daer toe gereghtigde Erffgenamen, voor egale portien, mi
624 3488 2691 3683 conforme vande meer aengetogene maeckinge, behoort ja.
633 3603 2716 3791 moet verstreckt, en uijtgedeelt, werden onderstonde alhuj
612 3721 2775 3925 geadviseert, en geresolveert, bij de drie ondergevz leeden
615 3829 2681 4052 van den aghtb: Raadt: van Iustitie deses Casteers
2314 4014 2761 4169 Batavia
2622 4156 2683 4272 1
2752 3796 2876 3881 —
