2973 4751
3 3068 87 3175 6:
2767 29 2860 160 2
125 32 369 195 256
205 154 438 350 256
706 -5 2435 514 Vaan en e  ad e e de dese
698 468 2871 698 Paulus vhort, op zijn versoeck, ende om reden
676 612 2842 847 van Continuele jndispolitie van dien dienst.
626 770 2897 963 hebben, ontslagen, ende dat deselve weders
684 908 2853 1149 met een bequaem man zal moeten werdig
686 1050 2613 1277 gesult, soo is op het voordragen vande
39 1125 637 1359 Sael slanhooe
676 1236 2889 1452 respective boijgh: officieren, wetgevonden daer
51 1317 634 1467 tot Waght meester
50 1412 668 1568 deser stadt en
671 1371 2880 1597 toe te gebruijcken Jacob techoon hopen, althans,
676 1551 2708 1735 schrijver vande borgenlijcke waght, ende
680 1647 2819 1912 weder jn desselfs plaetge toe schrijver den
40 1812 2790 1966 Hanans sonberg Borget Hermanus Compergen, die onder
40 1912 501 2087 toten schrijver.
660 1955 2864 2189 anderen datr toe zijn dienst heeft gepreset:
653 2170 2802 2379 Aen de opperhoofden vande schepen ’t eijlandt
703 2346 2871 2564 Mouritiboende den klexender, is goedgewonden
32 2363 639 2602 d’opperhoopden van de
36 2562 618 2683 schepen mauritius
592 2499 2909 2733 Oop haer verseeck tie te legen, de volde praie
34 2638 629 2771 en Alerandir de volle
664 2689 2778 2849 vaer gedande bpodigen vangie uij he=
23 2740 600 2892 premie toegeleght
623 2789 2721 3026 Vaderlandt. zijnde uijtgelopen, Eed eerste
486 2892 2836 3191 den 12:e April, voor Reeckeningh vande Samer
612 3096 2705 3325 Delff, ende vandere den 11:' Maaert voor
604 3244 2807 3460 Zeeland mitsgaders den 16„e en 25:' septemb:
648 3411 2511 3621 jongstleden hier der rhede geartiveerd
723 3697 2802 3932 oor gecommitteerde rapport gedaen zijnde j
9 3785 2830 4027 tschip amerspoo dat de romp van het afgeleijde schip Amerosoort
-2 3875 679 4021 verkoght voor 1850: rijnd:
646 3938 2699 4196 eenigen tijt hier ter rede tot een onderlegger
2122 4124 2691 4393 gebruijckt
