2973 4750
39 3603 129 3675 „
60 4520 149 4650 .
2658 65 2837 186 183
2675 216 2866 376 183
69 127 233 397 6
149 314 2431 584 Sjnsuagh: 17 Augustij Ao 1627.
203 682 2398 960 Jsjn vergaderings verschenen, Monica van BBengale
121 949 2341 1108 weduwe van Pieter Hendricksze van Palij ver„
184 1046 2323 1222 vonende waer ee kleene kanderen, en daer bij het
204 1147 2337 1371 onvermogen, dat zij hadde in deselve bevoeden
204 1273 2343 1503 veel min om tebetalen de schulden, door gemelte
206 1428 2387 1631 haer man gemaeckt, om dewelcke zij als nu lastigh
2361 1522 2991 1723 Manicea vn Bongal
207 1574 2919 1745 wierde gevallen: versoeckende, dat haer moghte, gstands des boedels
2357 1745 2680 1899 vergunt.
200 1744 2360 1915 worden vergont repudum, ofe afstandt des boedels
197 1845 2267 2031 te mogen doen, waer op gedelibereert zijnde o
199 2018 2285 2199 is goetgevonden haer sulcx toe te staen, met
203 2131 2345 2324 Committimus, aen den aghtbaren raadt van justitie
210 2242 2365 2449 deses Casteels, gelijck ’t selve mede wert vergunt
207 2378 2358 2604 aen Chilij van Java, weduwe van jutche Dongse„
2318 2444 2886 2713 stem aen Chilij van
186 2529 2292 2739 Maleijer, die haer mede eenige schulden hadde nae
2306 2620 2535 2771 Iava
189 2660 2259 2826 gelaten, en gansch geen middelen, tot haere nood„
130 2780 2215 3000 druft, nogs om de crediteuren, te konnen voldoen
201 2950 2226 3139 aen d’ opperhoofden van’t schip Hendrick maurits
2347 3063 2857 3257 d’ opperhoofden vant
192 3120 2231 3338 is goetgevonden op haer versoeck toe te leggen de
2175 3195 2291 3255 „
2318 3207 2914 3338 schip Hendrick manrits
2317 3295 2901 3424 de volle Premie toege
202 3258 2247 3481 volle premie voor gedaene tspoedige voijagie uijt
2322 3364 2508 3493 ijt.
194 3400 2306 3627 het vaderlandt, zijnde den 6:e Ianuarij deses Iaers
205 3540 2311 3728 voor reeckeningh vande Canier Zeelandt, jn zee
142 3678 2157 3869 gelopen, en 20:e Julij behouden hier ter rheede
203 3794 789 4002 gearriveert
170 3942 2315 4165 Zijnde nodigh geoordeelt, te ordonneren, dat de vijff
2030 4180 2434 4303 schepen
1524 4412 1680 4558 9
