3008 4762
2621 85 2834 188 2401
2681 215 2886 350 241
234 274 2266 526 onderscheijden witsgaders ondertekent, soo wel
210 507 2320 712 door de geene die daer over de administratie
232 623 2340 817 hebben als door de gouverneurs, Commandeurs
197 768 2411 958 ofe opperhoofden vande plaesen daer d’E Comp:
210 898 2320 1199 er 1. dadia haer gebieden heeft, ende negotie
136 1091 2367 1356 duijst, ende alwaer sodanige goederen bevonden
207 1238 998 1447 sullen worden.
178 1484 2162 1735 gelesen zijnde drie requesten van milivair
2247 1534 2928 1786 en orle
310 1661 2940 1893 icuren, bescheyden onder het gouvernement Gouvernement van
2273 1853 2934 1979 Malacca verbetert
183 1807 2231 2034 van Malacca, van welckers Comportement
83 1950 2240 2189 door de het gouverneur ejde den raad oock
185 2106 2259 2368 goede getuijgenisse wert gegeven, soo is goed
165 2331 2248 2507 gevonden deselve sollicitanten, te advanceren
194 2478 2152 2639 ende jn qualiteijt te verhogen als volget
187 2614 2259 2880 Jag Roosdenm. van Doebburgh, jegenwoordigh=t
2339 2711 2876 2933 Van Roordom tot
157 2775 2265 3010 vaendrick wee: guldens, tot suijpenante neet
2354 2868 2801 3017 ruijtenant
186 2961 2000 3146 30: guldens ter maert voor drie vaerens.
249 3124 2350 3437 Dupijin Rivilip van daber jn erm altban
2355 3272 2889 3466 Benpamin Neville
2341 3416 2768 3541 tot vendrigh.
201 3343 2211 3602 sergeant met 20: guldens tot vaendrick met
212 3497 2197 3765 40 guldens ter maens mede voor drie Jaeren.
172 3757 2203 3942 Aupustijn de Nolin, van 1Malacca, zijnde als
2276 3751 2888 4045 Agandeni
198 3904 2722 4101 nogh buijens s Comp:e dienst tot vaendrighmet=o tot verdrigh
200 4110 2401 4309 90 guldens ter maent onder een verbandt van 5 Jaren
2008 4337 2224 4439 alle
1477 4432 1648 4547 g
