2982 4683
93 63 184 170 2
116 112 254 293 2
582 166 2157 501 Merinis Chiner valote van
606 461 2814 687 Ongon Cinees Paghter vant Deiael migaders.
600 625 2594 893 quastonis chinees paghter vande visch manck, alle
1591 843 1829 981 8
630 841 1069 1053 afgescaven
650 969 2716 1205 dogs dacoo Perera pachten vande nderpriesers, is
1 978 603 1204 ete ond handt
1 1169 671 1322 brieffens 240 rx:s aplagh
643 1156 2657 1407 haer exmmimadie beges dien, een afpplagt van
10 1300 220 1396 gegeven
630 1307 2531 1555 tweebondert en veertigh rijxdaeldens voor het
635 1498 1633 1776 ganschep daer als oock
717 1701 2530 1995 ael Jnsz. ergoder vande rijs dn opsight van h
649 1886 2702 2132 verwoesten, der Javaense Custen, waer door het
18 2017 623 2176 item die vande rijspaght
414 2134 458 2215 „
139 2140 413 2327 2000 rp
656 2103 2591 2342 aenrenen vanden lijs van daer, mercklijck wer
631 2260 2809 2512 vervindent. toegesmen is, een afslagh, van wa duijsent
645 2414 2673 2681 rijcxdaelder voor het ganmsche Jaer, gelyck mede
644 2656 2822 2905 Oegoubo. Chines ven vander buijcker, jn opsight
29 2694 609 2958 Een ed sijle
652 2845 2802 3063 als vooren. tegestaen is, den afslagh van drie maenden
20 2921 554 3090 paght ƒ740 rxd:s
647 2996 2838 3261 belopende Leventerenhonderde, en veertig rijdaelder
627 3212 1684 3442 voor het gansche daer
603 3360 2655 3666 wijders is aende mnde bocs Bangasarij
26 3565 700 3733 Bongabarg, en Ian Connilis
668 3591 2840 3814 en Jadinelisz, op hun, jngegeven request Tweesondert.
20 3670 635 3816 800: p:s geleene om
17 3737 647 3882 omboina te restitueren
665 3747 2715 3990 rijcxd=s uijt Comp:s Caste alher ter toen
2285 3953 2757 4164 toegestaen
