2973 4730
13 3989 98 4130 6
68 10 195 170 19
2627 122 2851 374 A7.
102 164 178 294 16
701 93 2766 547 Maandagh 25 Januarij Ao 1632
2110 527 2387 669 „ 1
740 656 2798 850 in over de laeste vier etour schepen die dit saijloen
660 788 2603 999 van hi na d vaderland staen te vertrecken het
12 846 649 1076 een ve en ejdeen
659 976 2772 1158 Commanda te hebben, ende geduurende de reijse de
24 1035 625 1158 als Commandeur over de
19 1111 670 1301 laette vier ketourschepen
662 1154 2807 1322 vlagge te veeren, is na deliberatie goetgevonden op het
6 1202 231 1324 gestelt.
626 1288 2803 1444 schip ’t wapen van alckmaer, te laten blijven den schipper
632 1403 2646 1644 Willem hagedoorn, zijnde een man van vereijschte
621 1578 2710 1801 bequaemheijt, en die wij met gerustheijt, het gesagh over
628 1720 2457 1935 de gemelte vier bodems konnen de betrouwe
628 1937 2645 2181 sijnde wijders tot schippers op d’ andere drie fleuijt-
648 2143 2751 2335 schepen gestelt Reijmer Claessen de groot, op de gelebeijr,
12 2091 646 2320 scheppers op d’andere schepen
634 2222 2620 2483 met de welcke hij uijt het vaderlaat is gekemen,
571 2410 2597 2614 Maen Dinckershoeck, op Iuff:r Manca, jegenwoordigh
623 2571 2774 2767 bescheijden op het jaght de gereghtigheijt, en Connelis Loeffhouwer„
636 2714 2791 2931 althans schipper op het Jaght Outshoorn, op de gecoonde Eendragt,
632 2865 2747 3069 net welcke personen, de gemelte schepen, dan oock van goede en
613 2981 2119 3161 ervaren schippers, zullen zijn voorsien;
581 3174 662 3307 3
557 3116 2734 3414 atavia jnt Casteel datum als boven
1681 3366 2684 3592 Jvan sraetsuijker
1807 3541 2499 3743 Van goets
1879 3744 2582 3937 Lauvont Pit
1884 3918 2754 4052 p. R. vertwater
75 3874 978 4207 ete Venstooren
1846 4092 2639 4330 Constantin Bants.
158 4187 715 4428 Harhoor
