2955 4729
10 163 125 291 53
2664 73 2843 244 199
2669 246 2862 446 3
2678 323 2760 402 g
156 324 2288 540 geschiet soo is verstaen te ondonneren dat de :
154 513 2278 716 Nagapatnamse, soo wel alsde Tutucorijnse elck
120 649 2282 844 een bissonder kennelijck teijcken sullen moeten hebben,
136 829 2284 1002 om van malkanderen, en oock vande palleacatie
90 910 1531 1137 onderscheijden te konnen werden.
136 1097 2338 1326 het stellen vant Mallabaerse Comptoir Tengapatnam
2614 1195 2844 1414 D
135 1295 2109 1505 onder het Comptoir Tutucorijn, om verscheyde
2277 1281 2895 1505 ’t Comptoir sengapatn:
128 1410 2213 1628 redenen geoordeelt zijnde met den dienst van d’E:
2275 1443 2903 1570 onder Mallabaer te
2271 1532 2764 1690 laten blijven..
123 1551 2190 1796 Comp:e niet over een te sullen komen, soo is verstaen
123 1665 2145 1897 sulcx na de laten, gelijck mede het overvoeren
147 1858 2204 2071 van peper met ’s Comp:s schepen, van Wallabaer
2263 1924 2863 2101 geen handel met poper
2263 2058 2785 2187 van Mallabaer op
132 1989 2158 2211 na gemelte Tutucorijp om aldaer vil kegst de
2249 2124 2858 2259 Tntucorijn te drijven
125 2143 2144 2402 werden, nadien daer mede geen voordeel kan
135 2313 2189 2478 werden gedaen, ende dat oock den Vorst van
124 2444 2302 2715 Tengapatnam, het vermogen niet heeft omden uijt
131 2608 2186 2779 voer toe belaten gelijck het mede ongeraden
2289 2685 2932 2888 geendoepen ende ande
131 2755 2274 2994 wert geoordeeht, ons jnde vanden van Canssouwer
2299 2835 2882 2956 van tanstouer en
2285 2913 2845 3068 madure in Paght
140 2894 2253 3087 ende Madure, door Eeningen van gelt oft andere
2299 3019 2704 3134 te nemen
134 3063 2392 3218 wegen, aen nogs meerder jnpaghtingh, van zee doupen
125 3182 962 3397 vast te maecken.
82 3375 2220 3618 Wegens de Wallabaerse vaertuijgen, dewelcke
135 3527 2204 3735 schoonse met Comp=e passen voorsien waeren, door
2280 3580 2929 3797 gemaghtigde te stellen
72 3669 2171 3854 donse omtrent Cabo Commorijn, A:o 1675: ende
2253 3746 2947 3864 om affedoen de questier
2265 3813 2933 3951 van eenige aengehaelde
139 3856 2945 4094 1676: zijn aengehaelt, ende de pretentie die de mallabaerie vaertuijgen
141 3959 2080 4144 eijgenaers van deselve maecken, op de restitutie
129 4089 2331 4336 vanden jngeladen arreeck, en andere goederen, zijnde
1957 4301 2334 4450 mirckl:
1475 4414 1632 4566 2
