2931 4709
2639 8 2820 134 132
2699 157 2855 305 133
62 222 2246 457 sulx te defereren er geheel over te geven aen’t
2313 299 2945 470 het bestier der zaken
2329 431 2941 576 te defereren aen de s=t
146 414 2276 592 wijs beleifdt, van gem:te E: heere Speelman, ende
2310 497 2908 639 admirael speelman
144 547 2221 767 den Raadt, nogstans met die meningen dewelcke
134 694 2283 897 oock bij ons afte zenden schrijven; wel expresselijck
144 824 2287 1024 klaer en omstandigh zal werden uijtgedruckten dat
142 966 2341 1195 het werck daer toe zal dienen, en moeten werden
141 1120 2259 1289 geschickt, om voort jnbreken van’t aenstaende
2303 1153 2879 1340 deselve daer na to
130 1212 2271 1440 wester zaijsoen, ofte voor halff november, met de
2300 1301 2859 1409 schicken om voort
2291 1383 2892 1504 Jnbreecken van ’t W:
145 1396 2289 1573 militie weder hier te konnen zijn, twelck oock ver„
2308 1467 2810 1576 mousson hier te
2341 1543 2843 1659 konnen zijn
143 1500 2315 1708 staen is dat den sousousonnangh; mitsgaders de geene
2307 1585 2433 1664 die
118 1636 2280 1838 'tmeete bewint ende de regeringh jn handen hebben
126 1755 2220 1941 zal werden bekent gemaeckt, alwaert, soo ’t nogh
137 1903 2278 2091 net geschiet en zij, met een tweede besendingh.
37 2011 2300 2172 door den Coopman Jacob Couper, om soo met eenen
2284 2147 2390 2220 Cacto
99 2100 2343 2277 te doen overleveren het boven gem:t geratificeerde bont:
150 2285 2355 2454 latende voorts profesteren, al was ’t oock bij geschrifte
2372 2317 2865 2456 soo de Iavanen ons
2351 2405 2943 2525 niet en helpen, en hadr
139 2347 2288 2566 over haer groote nalatigheijt jn't vervolgen vanden
2348 2489 2911 2595 eijgen saacken bevot
136 2501 2243 2693 vijandt, die door Comp: maght geweldelijck uijt
2346 2551 2890 2662 deren daer tegen te
2351 2631 2731 2744 probistiren
130 2590 2316 2790 haere vestingh tot sourebaija, gedreven, ende landwae
2300 2642 2398 2769 ent
130 2720 2300 2912 jn gevlught zijnde, door hun aldaer seer wel soude
139 2835 2223 3052 konnen worden verdelght, ende uijtgeroeijt; daer
104 2971 2171 3121 bij voegende dat zoo zij ons langer verlaten, ende
2151 3000 2243 3102 —„
110 3094 2196 3267 geen voet bij ’t stuck setten, dat het de Comp: dan
137 3216 2268 3368 bolk niet langer gelegen zal komen, haer tehelpen,
119 3350 2239 3494 alsoo geoordeelt wert, dat het ons werck niet en is,
120 3437 2285 3606 en ook t' eenemael ongeraden zij, den vlugstende
96 3626 2235 3762 vijandt jnt landt te vervolgen, ende t'elckens uijt
130 3719 2281 3887 haere schuijlsoecken, op teslaen, behalven datter oock
121 3809 2322 4019 groote redenen zijn, om de Iavaense vlatie jnt gemeen
86 3930 2211 4089 ende degenen die nu onse vrunden schijnen niet
1943 4104 2159 4238 veel
