2970 4721
113 31 260 221 206
194 138 414 293 206
32 997 566 1182 een rolle van alle
15 1101 381 1226 dienstbare.
24 1296 562 1437 een nolle van alle
27 1410 505 1575 comp:s dienaren
-2 1851 680 2049 Requert van dom Guspat:
27 1984 651 2126 gewesen adigaer van
18 2082 301 2194 mature
642 272 2638 477 mitsgaders op wat plaetsen, ende waeraen datse
651 486 2692 666 meest werden gebruijckt, onderte kent door wde
1994 609 2625 813 erplaetse daer
661 623 1897 815 gecommitteerde ujt den raadt
607 752 2812 941 deselve slaven bevonden zullen worden, als mede
659 862 2697 1111 nogh een andere rolle ofte lijste van getal der
586 1031 2751 1254 dienstbare, onder danen, ende derselver gebrujcken
598 1161 2783 1347 medt op elcke plaetse besonder, ende dit alles boven
640 1314 2792 1522 de toegeseijde lijste van alle gegagieerde, en onder„
661 1442 2740 1616 hout gemeende vrije dienaeren, van alderhande
668 1577 2319 1764 blagh, soo Europianen als jnhanders
749 1760 2794 2026 Den gewesen ordigaer van Mature, dan Gaspar
666 1944 2737 2125 met het schip ’t huijs te Werwe, van Ceijlon
662 2100 2843 2325 herwaerts aengesoaden, en den 27:e Iulij jougslleden
649 2258 2804 2439 hier aengekoment zijnde; heeft alse nd mede laeten
601 2374 2783 2551 jndienen, een versoeck schrift luijdende van wet
639 2510 1657 2705 tot woor als volgtn
1247 2658 2815 3050 Een den E: W: Jan Maatuijster
1180 2985 2876 3185 Gouverneur generaal en de E Heeren
1168 3118 2321 3316 Raaden van Intia
663 3301 2806 3535 Eertsoont met alle schuldige neerbiedigheijp uE E: onderdanigen
577 3449 2771 3623 dienaer, en onderdaen dom Jaspaar Cinnewieradt Modliar, en
628 3554 2762 3716 adigar van Mature, hoe hij snppl=t de E: Comp:e nu over de
620 3704 2753 3832 3e Iaeren heeft gedaent, en om zijn goede diensten a:o 1846 van
635 3776 2879 3945 sawelle appohamj, met de eernaem, en titul, van Cinnewiradt
628 3861 2749 4063 drcodliar, ende jnt eerst vant Iaer 1650. met de hononable
623 3954 2752 4097 bedieningh van adigaer van Mature vanden Ed:e Heer Gouvern:
624 4081 2726 4222 generael Joan Maetsuijcker, als toen gouvern:r van Ceijlon, is
582 4167 2651 4344 begiftight), in welcke beyde chergies hij suppl:t hem (onberoemt
2632 4225 2702 4297 —
2271 4317 2759 4454 gesproken)
