2946 4683
1705 -7 1793 115 5
72 56 190 187 4
54 181 172 328 4
599 201 2582 429 Dinglagh 22:e Ianuarij Ao
666 554 2751 817 De pageter vande Pivier tnke, in ande klpgst
646 746 2721 991 hebbende, dat hij vande vaertuijgen, die jn lan van gem:t
36 917 606 1077 de Passanten van.—
663 930 2718 1135 rivier, de mann graght en andere nieu gegrave.
18 1031 533 1148 amanus graght en
16 1103 512 1216 P:' andere bijgele gene
631 1136 2698 1259 Daerten, daer omtrent op en aff, komen te passeren, zal
34 1159 643 1287 graghten de paghter van
29 1248 606 1342 de rivier anke mede de
660 1234 2712 1451 mogen de gerechtigheijt mede hebben, en ontfangen.
35 1311 615 1414 ondinane gerightighejt
477 1384 547 1495 3
28 1381 489 1469 pe doen betalen
639 1415 1903 1613 soo is hem het selve tegesaen,
663 1636 2722 1827 Voor d’ eerwaerde wercken raadt, voorgedragen, en
11 1791 685 2006 Verlieringh van Ouderlings
697 1836 2764 2011 n raade geexanimeert zijnde, de nommatie van
16 1924 631 2035 Een diaconen voor dit
20 2004 618 2163 Iaer geapprobeert
666 1926 2758 2143 Onderlingen, en Diaconen, dever sede bij haer eerw:
603 2096 2800 2307 gedaen, soo is verstaen, deselve te approberen als volgt
1044 2362 1816 2628 Tot Outerlingen
577 2632 1687 2800 d’E Martums Cadan
662 2796 1764 2991 d’E Taurens pit de Ionge
674 2975 1520 3179 d’E Jan de Coninck
1074 3149 1943 3366 En uijt de Borgers
666 3341 1800 3518 d’E Isaacq Soolmans en
661 3505 1849 3671 s:r Bartel Claasen.
