2951 4710
220 304 363 505 D
254 254 2413 540 Ejnsdagh 6„ Iubij A 2„
23 347 142 482 g
9 640 2336 887 Uijt het jongste schrijven vande H:r Admirael
173 870 2329 1029 Cornelis Speelman, ende den Raadt tot soure„
180 969 2361 1159 baija, gedateert 23en Junij, ende ons drie dagen verleden
195 1108 2347 1271 met den Capitain vande Maleijers toegekomen, gelesen
186 1256 2301 1423 zijnde het voornemen van haer EE: om expresse t
177 1334 2256 1507 en aensienlijcke gecommitteerde na de Mattaram
190 1473 2294 1697 te zenden, ende deselve te versien, met een gevolgh
182 1644 2300 1794 van hondert a hondert en vijffentwintigh koppen, om
178 1749 2340 1964 te gelijck niet aensien, ende onssagh aldaer te verschijnen
195 1860 2332 2046 mitsgaders. de continuerende verwarringen aen dat
175 1999 2284 2196 Hoff, waert mogelijck te redden, de gene die het
192 2131 2306 2326 met den Gousouhounangs, nogh wel menen wat
182 2246 2355 2460 moet te geven, de vjanden daer en tegen, een schrick
169 2402 2315 2631 aen te jagend ende alsoo, de zaeck op het spoedigste
191 2544 2286 2702 tot een goet eijnde te brengen, soo is daer op niet
184 2674 2390 2877 besondere ernst en aendaght gedelibereert mitsgaders
2249 2841 2349 2927 18
182 2826 2305 3005 eenparighlijck vastgestelt, ende geresolbeert, gem:
194 2919 2176 3094 Heer speclman, ende den raad anteschrijven
134 3068 2371 3215 dat wj wel konnen goetvinden, den Sousouhounangh,
204 3222 2441 3393 omtrent de stranden, alle mogelijcke, hulpe en adsisten:
105 3240 2371 3518 te doen, maer oock groote swarigheijt, sien, om met
202 3454 2356 3637 weijnigh off veel volck, diep jnt landt, en het gebergte
208 3590 2282 3779 te trecken; dat wij oock het getal van hondert â
175 3703 2309 3919 hondert vijffentwintigh: militairen, Ia. al was t oock
191 3839 2437 4021 teeehondert, veel te swack aghten, om na de Mattaran.
2097 4022 2327 4160 p d.
2662 47 2911 219 143
2689 199 2855 354 143
2363 871 2860 1081 deliberatien op de
2359 1046 2898 1164 saecken van Iavat
2349 1126 2609 1248 Oost cust
