2961 4694
943 208 2674 541 Leijdagh 22 anuarij 1o 167
662 543 2682 829 stadien de gesinde fluijschpen de gelen eijr.
11 713 2677 1004 de 3 gehunde fluijten Juff:r Mama, ende gecroonen eendraght volgens de
22 894 648 1008 gelen Beijr, Iuff:r maria
8 962 639 1080 Een gecroonden, Pendraght
661 945 2602 1165 jntentie van onse heeren principalen, vast werden
4 1022 664 1182 na't vaderlandt tezenden
638 1103 2759 1339 afgeladen, om voor de tweede en laeste besendinge deses
613 1226 2671 1477 vaijsoens, na het sieve vaderlandt te vertrecken;
638 1401 2610 1639 en ons nu voorgekomen zij, de vewaerigheijt die de
663 1618 2735 1768 officieren zijn makende jnder veerloosheijt vande selve
646 1754 2767 1984 bodems, ende de mensghte Cppers, sun ulder als
622 1935 2786 2107 voor desen jndg tloort zee onthoudende, soo is na voorgaende
635 2085 2787 2294 deliberatie goegevonden, daer nogh bij te voegen, en
626 2216 2703 2464 zoo haeft als mogelijck zij, met groove waeren en
648 2364 2796 2559 prnicipalen, te doen afladen het kloecke ship 'twapen
649 2515 2740 2778 van Alckmaer, zijnde niet alleen bequaem, om sigt
7 2505 652 2731 Ceege en alhen
11 2688 443 2877 C o Cige
638 2681 2769 2935 selven ende de gemelte drij fleuijten, bij ontmoetingh
639 2836 2728 3032 van vijandt te desenderen, maet oock heer vlot
649 3031 2673 3251 gaende om niet te minder gevaer de haevenen
630 3157 2268 3383 des Vaderlants te konnen aendoen,
8 3540 2805 3761 de borgers bartholoneus Op het versoeck van Bartholomeus Borns, en
11 3726 639 3808 Gorus en Wilm Wilmel
23 3785 586 3886 toegestaen na de laeb te
637 3732 2844 3965 Willem illemsen van Deventer beijde Hederlandse
148 3818 443 3936 vertrecken
2325 3952 2717 4180 Borgers.
2630 97 2858 264 87
