<?xml version="1.0" encoding="UTF-8" standalone="yes"?>
<PcGts xmlns="http://schema.primaresearch.org/PAGE/gts/pagecontent/2013-07-15" xmlns:xsi="http://www.w3.org/2001/XMLSchema-instance" xsi:schemaLocation="http://schema.primaresearch.org/PAGE/gts/pagecontent/2013-07-15 http://schema.primaresearch.org/PAGE/gts/pagecontent/2013-07-15/pagecontent.xsd">
    <Metadata>
        <Creator>prov=University of Rostock/Institute of Mathematics/CITlab|PLANET AI GmbH/Gundram Leifert/gundram.leifert@planet-ai.de:name=IJsberg(htr_id=20209)::::v=2.6.6
prov=University of Rostock/Institute of Mathematics/CITlab|PLANET AI GmbH/Tobias Gruening/tobias.gruening@planet-ai.de:name=de.uros.citlab.module.baseline2polygon.B2PSeamMultiOriented:v=2.6.6
prov=University of Rostock/Institute of Mathematics/CITlab|PLANET AI GmbH/Tobias Gruening/tobias.gruening@planet-ai.de:name=/net_tf/LA73_249_0mod360.pb:de.uros.citlab.segmentation.CITlab_LA_ML:v=2.6.6
Transkribus</Creator>
        <Created>2020-09-07T11:01:02.759+07:00</Created>
        <LastChange>2020-09-07T09:59:23.888+02:00</LastChange>
        <TranskribusMetadata docId="471693" pageId="19516935" pageNr="23" tsid="39403511" status="IN_PROGRESS" userId="15017" imgUrl="https://files.transkribus.eu/Get?id=TUHKJOHEUUDXXZEYUJMMHCVB&amp;fileType=view" xmlUrl="https://files.transkribus.eu/Get?id=UXHJIAPKJTFTCURNONFSVCAK" imageId="15083896"/>
    </Metadata>
    <Page imageFilename="ID-ANRI_K66a_889_23.jpg" imageWidth="2905" imageHeight="4719">
        <ReadingOrder>
            <OrderedGroup id="ro_1620455872265" caption="Regions reading order">
                <RegionRefIndexed index="0" regionRef="r1"/>
                <RegionRefIndexed index="1" regionRef="r2"/>
                <RegionRefIndexed index="2" regionRef="r3"/>
            </OrderedGroup>
        </ReadingOrder>
        <TextRegion orientation="0.0" id="r1" custom="readingOrder {index:0;}">
            <Coords points="122,3761 122,3926 182,3926 182,3761"/>
            <TextLine id="r1l1" custom="readingOrder {index:0;}">
                <Coords points="100,3895 113,3898 125,3893 142,3903 155,3897 163,3908 170,3904 188,3909 220,3781 130,3775"/>
                <Baseline points="122,3861 152,3870 182,3876"/>
                <TextEquiv>
                    <Unicode>—</Unicode>
                </TextEquiv>
            </TextLine>
            <TextEquiv>
                <Unicode>—</Unicode>
            </TextEquiv>
        </TextRegion>
        <TextRegion orientation="0.0" id="r2" custom="readingOrder {index:1;}">
            <Coords points="23,345 23,4464 2309,4464 2309,345"/>
            <TextLine id="r2l1" custom="readingOrder {index:0;}">
                <Coords points="108,441 339,514 422,444 939,508 1208,439 2225,471 2225,274 1899,350 1216,207 748,360 342,231 108,277"/>
                <Baseline points="122,419 226,422 330,425 435,426 539,428 644,429 748,429 852,429 957,429 1061,428 1166,428 1270,427 1374,426 1479,426 1583,425 1688,425 1792,425 1896,425 2001,425 2105,426 2210,428"/>
                <TextEquiv>
                    <Unicode>Cogever rapeeere hebben. ende van</Unicode>
                </TextEquiv>
            </TextLine>
            <TextLine id="r2l2" custom="readingOrder {index:1;}">
                <Coords points="151,607 2308,568 2262,466 150,502"/>
                <Baseline points="165,573 271,575 378,575 484,576 591,576 697,578 804,578 910,578 1017,578 1123,578 1230,578 1336,576 1443,576 1549,575 1656,575 1762,573 1869,572 1975,570 2082,567 2188,566 2295,563"/>
                <TextEquiv>
                    <Unicode>welckers degerugd de EComp:e soo veel goeve ried</Unicode>
                </TextEquiv>
            </TextLine>
            <TextLine id="r2l3" custom="readingOrder {index:2;}">
                <Coords points="132,786 940,799 1399,725 2072,782 2257,739 2256,642 512,598 274,701 130,636"/>
                <Baseline points="146,743 250,743 355,741 460,740 565,738 670,735 775,734 880,731 985,728 1090,726 1195,723 1299,721 1404,719 1509,717 1614,717 1719,716 1824,716 1929,717 2034,717 2139,720 2244,723"/>
                <TextEquiv>
                    <Unicode>overwagrden seef als wel vande beijdensee</Unicode>
                </TextEquiv>
            </TextLine>
            <TextLine id="r2l4" custom="readingOrder {index:3;}">
                <Coords points="144,907 1252,877 1497,944 1860,874 2261,934 2259,769 2154,755 2034,810 1465,748 1358,803 142,792"/>
                <Baseline points="156,888 260,888 365,887 469,885 574,884 678,882 783,881 887,879 992,878 1096,876 1201,874 1306,872 1410,870 1515,869 1619,867 1724,867 1828,866 1933,866 2037,864 2142,866 2247,866"/>
                <TextEquiv>
                    <Unicode>bewoogen, en gewassaeckt sullen vordens de wapenen</Unicode>
                </TextEquiv>
            </TextLine>
            <TextLine id="r2l5" custom="readingOrder {index:4;}">
                <Coords points="165,1115 309,1032 2198,1059 2229,943 1148,962 940,878 820,941 163,948"/>
                <Baseline points="177,1038 284,1035 391,1032 498,1031 606,1028 713,1026 820,1025 928,1024 1035,1023 1142,1022 1250,1022 1357,1020 1464,1020 1572,1019 1679,1019 1786,1017 1894,1016 2001,1016 2108,1014 2216,1013"/>
                <TextEquiv>
                    <Unicode>en neder te leiggel. hiet ons dat dillijkken en</Unicode>
                </TextEquiv>
            </TextLine>
            <TextLine id="r2l6" custom="readingOrder {index:5;}">
                <Coords points="128,1282 598,1175 2178,1259 2304,1207 2303,1077 127,1137"/>
                <Baseline points="141,1187 248,1187 356,1185 463,1184 571,1184 678,1181 786,1180 893,1179 1001,1178 1108,1176 1216,1175 1323,1173 1431,1172 1538,1170 1646,1170 1753,1169 1861,1169 1968,1169 2076,1169 2183,1169 2291,1170"/>
                <TextEquiv>
                    <Unicode>bescheijdene de handelen pundegaders, een et em=</Unicode>
                </TextEquiv>
            </TextLine>
            <TextLine id="r2l7" custom="readingOrder {index:6;}">
                <Coords points="143,1354 458,1395 552,1335 1009,1325 1188,1441 1399,1325 1944,1412 2131,1374 2130,1258 1875,1283 1720,1213 1571,1288 1228,1231 906,1297 555,1211 142,1287"/>
                <Baseline points="156,1344 254,1344 352,1343 450,1341 548,1340 646,1340 744,1338 842,1337 940,1335 1038,1334 1137,1332 1235,1331 1333,1329 1431,1328 1529,1326 1627,1325 1725,1323 1823,1322 1921,1320 2019,1319 2118,1319"/>
                <TextEquiv>
                    <Unicode>voordeligh Contract aengaen: ende om de</Unicode>
                </TextEquiv>
            </TextLine>
            <TextLine id="r2l8" custom="readingOrder {index:7;}">
                <Coords points="146,1516 507,1600 996,1568 1095,1492 2217,1540 2322,1504 2321,1332 1945,1412 1740,1365 1665,1432 1393,1326 1194,1446 667,1371 145,1452"/>
                <Baseline points="158,1508 265,1505 373,1502 480,1500 588,1499 695,1497 803,1496 910,1494 1018,1493 1125,1491 1233,1491 1341,1490 1448,1490 1556,1490 1663,1490 1771,1491 1878,1491 1986,1492 2093,1493 2201,1494 2309,1496"/>
                <TextEquiv>
                    <Unicode>ender tot ons dogsnech, en een zijnde vanden oorlogst</Unicode>
                </TextEquiv>
            </TextLine>
            <TextLine id="r2l9" custom="readingOrder {index:8;}">
                <Coords points="9,1670 635,1657 819,1762 980,1707 1053,1761 1526,1649 1696,1759 1857,1656 2061,1674 2061,1558 1814,1616 1307,1488 1160,1602 891,1541 678,1609 8,1568"/>
                <Baseline points="23,1649 124,1652 225,1652 326,1653 428,1653 529,1653 630,1653 732,1652 833,1651 934,1650 1036,1649 1137,1647 1238,1647 1339,1646 1441,1646 1542,1646 1643,1646 1745,1646 1846,1647 1947,1649 2049,1650"/>
                <TextEquiv>
                    <Unicode>komsoo sal daer en boven den voornoemde Rleijck van</Unicode>
                </TextEquiv>
            </TextLine>
            <TextLine id="r2l10" custom="readingOrder {index:9;}">
                <Coords points="153,1840 481,1812 637,1922 1049,1888 1156,1805 1678,1822 1883,1900 2055,1816 2224,1853 2224,1767 1863,1666 1689,1768 1409,1772 637,1750 432,1656 153,1767"/>
                <Baseline points="167,1812 269,1811 371,1809 473,1809 575,1808 678,1806 780,1806 882,1806 984,1805 1086,1805 1189,1805 1291,1805 1393,1805 1495,1805 1597,1805 1700,1805 1802,1805 1904,1805 2006,1805 2108,1805 2211,1805"/>
                <TextEquiv>
                    <Unicode>11 Cadure indien deselven continueert jnt versoecken</Unicode>
                </TextEquiv>
            </TextLine>
            <TextLine id="r2l11" custom="readingOrder {index:10;}">
                <Coords points="157,1964 418,1970 592,2075 891,1968 1174,2052 1346,1967 1494,1989 1580,2075 1927,1960 2220,2001 2220,1853 1733,1919 1416,1811 1169,1904 157,1854"/>
                <Baseline points="170,1968 271,1964 373,1959 475,1956 577,1955 679,1953 781,1952 883,1952 985,1953 1087,1953 1189,1955 1290,1956 1392,1957 1494,1958 1596,1959 1698,1961 1800,1962 1902,1962 2004,1962 2106,1962 2208,1961"/>
                <TextEquiv>
                    <Unicode>van ’s Comp: Ine, en bijstande, tegen zijn vijandt</Unicode>
                </TextEquiv>
            </TextLine>
            <TextLine id="r2l12" custom="readingOrder {index:11;}">
                <Coords points="145,2176 863,2110 960,2163 1068,2112 2155,2147 2154,2004 1971,1978 1573,2080 1105,2077 938,1964 659,2071 521,2010 384,2102 260,2024 145,2065"/>
                <Baseline points="159,2136 258,2132 357,2128 456,2124 555,2121 654,2119 753,2117 853,2115 952,2115 1051,2114 1150,2114 1249,2114 1348,2114 1447,2115 1547,2115 1646,2117 1745,2117 1844,2118 1943,2120 2042,2120 2142,2121"/>
                <TextEquiv>
                    <Unicode>gem: Egose Ragie, en dat den selven Egosie</Unicode>
                </TextEquiv>
            </TextLine>
            <TextLine id="r2l13" custom="readingOrder {index:12;}">
                <Coords points="144,2341 418,2288 927,2342 1224,2265 1387,2335 1711,2263 1903,2314 2115,2262 2113,2157 1065,2227 784,2135 632,2218 142,2223"/>
                <Baseline points="156,2289 253,2285 350,2282 447,2277 544,2276 642,2273 739,2270 836,2268 933,2267 1030,2265 1128,2264 1225,2263 1322,2262 1419,2261 1516,2261 1614,2259 1711,2259 1808,2258 1905,2256 2002,2256 2100,2255"/>
                <TextEquiv>
                    <Unicode>de Comp:e omtrent Nagapatnam, nogh beoorloght</Unicode>
                </TextEquiv>
            </TextLine>
            <TextLine id="r2l14" custom="readingOrder {index:13;}">
                <Coords points="158,2551 501,2452 1100,2524 1580,2425 1783,2524 2217,2429 2216,2335 1861,2378 1018,2301 844,2377 666,2296 156,2403"/>
                <Baseline points="171,2447 272,2447 374,2445 476,2445 577,2444 679,2442 781,2441 882,2439 984,2438 1086,2435 1188,2433 1289,2432 1391,2429 1493,2427 1594,2426 1696,2424 1798,2423 1899,2423 2001,2423 2103,2423 2205,2424"/>
                <TextEquiv>
                    <Unicode>nagen werden geaddisteert, met een geval van</Unicode>
                </TextEquiv>
            </TextLine>
            <TextLine id="r2l15" custom="readingOrder {index:14;}">
                <Coords points="159,2626 793,2676 1563,2585 2285,2650 2283,2526 2115,2443 1912,2546 1435,2471 1307,2549 158,2561"/>
                <Baseline points="174,2621 278,2619 383,2616 488,2615 593,2612 698,2609 803,2606 907,2603 1012,2601 1117,2598 1222,2595 1327,2592 1432,2591 1537,2589 1641,2588 1746,2588 1851,2586 1956,2586 2061,2588 2166,2589 2271,2592"/>
                <TextEquiv>
                    <Unicode>4. a 5plancke copen, nevens de nodige artelerije</Unicode>
                </TextEquiv>
            </TextLine>
            <TextLine id="r2l16" custom="readingOrder {index:15;}">
                <Coords points="165,2812 1136,2831 1754,2744 1941,2830 2233,2742 1992,2657 1708,2707 1551,2647 1266,2687 1155,2621 685,2717 163,2693"/>
                <Baseline points="177,2772 279,2771 381,2769 483,2768 585,2766 687,2763 789,2762 891,2759 993,2757 1095,2754 1198,2753 1300,2750 1402,2748 1504,2747 1606,2745 1708,2745 1810,2744 1912,2744 2014,2745 2116,2745 2219,2747"/>
                <TextEquiv>
                    <Unicode>en voor soo veel Toepassen, en ions, als met</Unicode>
                </TextEquiv>
            </TextLine>
            <TextLine id="r2l17" custom="readingOrder {index:16;}">
                <Coords points="155,2965 491,2923 1135,2993 1209,2935 1407,3000 1572,2922 1899,3001 2221,2897 2219,2763 1972,2855 153,2817"/>
                <Baseline points="168,2916 270,2918 372,2918 474,2918 576,2918 678,2916 780,2915 882,2913 984,2912 1086,2909 1188,2907 1290,2906 1392,2903 1494,2901 1596,2900 1698,2898 1800,2898 1902,2897 2004,2897 2106,2898 2208,2898"/>
                <TextEquiv>
                    <Unicode>het contante, en gereede gelt dat hij alvorens</Unicode>
                </TextEquiv>
            </TextLine>
            <TextLine id="r2l18" custom="readingOrder {index:17;}">
                <Coords points="150,3109 967,3067 1226,3153 1989,3054 2272,3105 2272,3000 1575,2947 1064,3013 824,2941 149,3031"/>
                <Baseline points="162,3060 266,3062 371,3062 476,3062 581,3062 686,3062 791,3062 895,3060 1000,3060 1105,3060 1210,3059 1315,3059 1420,3057 1525,3057 1629,3057 1734,3057 1839,3057 1944,3057 2049,3059 2154,3060 2259,3062"/>
                <TextEquiv>
                    <Unicode>jn Comp:e handen zal noeten sellen, voor den</Unicode>
                </TextEquiv>
            </TextLine>
            <TextLine id="r2l19" custom="readingOrder {index:18;}">
                <Coords points="165,3259 2285,3247 2283,3091 1972,3159 1595,3106 1103,3180 594,3099 164,3157"/>
                <Baseline points="179,3218 283,3218 388,3218 492,3218 597,3216 701,3216 806,3215 910,3213 1015,3212 1119,3212 1224,3210 1329,3209 1433,3207 1538,3206 1642,3204 1747,3204 1851,3203 1956,3203 2060,3203 2165,3203 2270,3203"/>
                <TextEquiv>
                    <Unicode>tijt van naenden rjklijck sullen konnen werden</Unicode>
                </TextEquiv>
            </TextLine>
            <TextLine id="r2l20" custom="readingOrder {index:19;}">
                <Coords points="172,3414 961,3372 1383,3463 2260,3400 2260,3311 1666,3236 1480,3313 1131,3255 173,3310"/>
                <Baseline points="185,3369 288,3366 391,3363 494,3360 597,3359 700,3357 803,3357 906,3356 1009,3356 1112,3356 1216,3357 1319,3358 1422,3359 1525,3360 1628,3362 1731,3364 1834,3366 1937,3368 2040,3371 2143,3372 2247,3375"/>
                <TextEquiv>
                    <Unicode>betaelt, daer onder mede begreen de maent„</Unicode>
                </TextEquiv>
            </TextLine>
            <TextLine id="r2l21" custom="readingOrder {index:20;}">
                <Coords points="171,3550 416,3615 841,3535 2154,3556 2153,3462 2016,3422 1010,3456 845,3381 614,3474 170,3453"/>
                <Baseline points="183,3516 280,3518 378,3519 476,3519 574,3519 672,3519 769,3518 867,3516 965,3515 1063,3513 1161,3512 1258,3510 1356,3510 1454,3509 1552,3507 1650,3507 1747,3507 1845,3508 1943,3509 2041,3512 2139,3515"/>
                <TextEquiv>
                    <Unicode>gelden van gemelte blake koppen, ende de</Unicode>
                </TextEquiv>
            </TextLine>
            <TextLine id="r2l22" custom="readingOrder {index:21;}">
                <Coords points="170,3740 423,3687 654,3790 834,3694 1248,3711 1249,3561 977,3560 888,3602 810,3554 668,3634 482,3577 423,3617 170,3629"/>
                <Baseline points="182,3672 234,3674 287,3675 340,3677 392,3678 445,3680 498,3680 550,3681 603,3681 656,3681 709,3681 761,3681 814,3681 867,3681 919,3681 972,3681 1025,3680 1077,3680 1130,3678 1183,3678 1236,3677"/>
                <TextEquiv>
                    <Unicode>ongelden vanden Train</Unicode>
                </TextEquiv>
            </TextLine>
            <TextLine id="r2l23" custom="readingOrder {index:22;}">
                <Coords points="271,3984 592,4018 765,3906 1035,3968 2221,3899 2219,3775 1845,3744 1405,3810 1204,3705 711,3839 541,3771 269,3809"/>
                <Baseline points="285,3912 381,3909 477,3906 573,3903 669,3902 765,3900 861,3899 957,3897 1053,3896 1149,3896 1246,3894 1342,3894 1438,3893 1534,3893 1630,3893 1726,3891 1822,3891 1918,3890 2014,3890 2110,3888 2207,3887"/>
                <TextEquiv>
                    <Unicode>en versoon die nu schijnt te zijn den regoten</Unicode>
                </TextEquiv>
            </TextLine>
            <TextLine id="r2l24" custom="readingOrder {index:23;}">
                <Coords points="1831,4137 1898,4133 1931,4108 2002,4141 2029,4116 2062,4119 2095,4102 2082,3976 1999,3984 1970,4012 1933,4018 1898,4019 1858,4004 1819,4014"/>
                <Baseline points="1844,4121 1870,4115 1896,4110 1923,4106 1949,4103 1975,4101 2002,4099 2028,4097 2054,4097 2081,4094"/>
                <TextEquiv>
                    <Unicode>prins</Unicode>
                </TextEquiv>
            </TextLine>
            <TextLine id="r2l25" custom="readingOrder {index:24;}">
                <Coords points="1143,4455 1157,4453 1166,4460 1191,4443 1227,4433 1239,4418 1278,4408 1266,4307 1247,4309 1238,4302 1208,4300 1152,4326 1127,4327"/>
                <Baseline points="1152,4425 1180,4427 1209,4423 1237,4418 1266,4413"/>
                <TextEquiv>
                    <Unicode>178</Unicode>
                </TextEquiv>
            </TextLine>
            <TextEquiv>
                <Unicode>Cogever rapeeere hebben. ende van
welckers degerugd de EComp:e soo veel goeve ried
overwagrden seef als wel vande beijdensee
bewoogen, en gewassaeckt sullen vordens de wapenen
en neder te leiggel. hiet ons dat dillijkken en
bescheijdene de handelen pundegaders, een et em=
voordeligh Contract aengaen: ende om de
ender tot ons dogsnech, en een zijnde vanden oorlogst
komsoo sal daer en boven den voornoemde Rleijck van
11 Cadure indien deselven continueert jnt versoecken
van ’s Comp: Ine, en bijstande, tegen zijn vijandt
gem: Egose Ragie, en dat den selven Egosie
de Comp:e omtrent Nagapatnam, nogh beoorloght
nagen werden geaddisteert, met een geval van
4. a 5plancke copen, nevens de nodige artelerije
en voor soo veel Toepassen, en ions, als met
het contante, en gereede gelt dat hij alvorens
jn Comp:e handen zal noeten sellen, voor den
tijt van naenden rjklijck sullen konnen werden
betaelt, daer onder mede begreen de maent„
gelden van gemelte blake koppen, ende de
ongelden vanden Train
en versoon die nu schijnt te zijn den regoten
prins
178</Unicode>
            </TextEquiv>
        </TextRegion>
        <TextRegion orientation="0.0" id="r3" custom="readingOrder {index:2;}">
            <Coords points="2606,155 2606,311 2651,311 2651,155"/>
            <TextLine id="r3l1" custom="readingOrder {index:0;}">
                <Coords points="2591,269 2607,271 2612,278 2627,282 2637,292 2649,285 2662,287 2677,175 2661,173 2620,195 2616,188 2602,187"/>
                <Baseline points="2606,255 2651,261"/>
                <TextEquiv>
                    <Unicode>2</Unicode>
                </TextEquiv>
            </TextLine>
            <TextEquiv>
                <Unicode>2</Unicode>
            </TextEquiv>
        </TextRegion>
    </Page>
</PcGts>
