<?xml version="1.0" encoding="UTF-8" standalone="yes"?>
<PcGts xmlns="http://schema.primaresearch.org/PAGE/gts/pagecontent/2013-07-15" xmlns:xsi="http://www.w3.org/2001/XMLSchema-instance" xsi:schemaLocation="http://schema.primaresearch.org/PAGE/gts/pagecontent/2013-07-15 http://schema.primaresearch.org/PAGE/gts/pagecontent/2013-07-15/pagecontent.xsd">
    <Metadata>
        <Creator>prov=University of Rostock/Institute of Mathematics/CITlab|PLANET AI GmbH/Gundram Leifert/gundram.leifert@planet-ai.de:name=IJsberg(htr_id=20209)::::v=2.6.6
prov=University of Rostock/Institute of Mathematics/CITlab|PLANET AI GmbH/Tobias Gruening/tobias.gruening@planet-ai.de:name=de.uros.citlab.module.baseline2polygon.B2PSeamMultiOriented:v=2.6.6
prov=University of Rostock/Institute of Mathematics/CITlab|PLANET AI GmbH/Tobias Gruening/tobias.gruening@planet-ai.de:name=/net_tf/LA73_249_0mod360.pb:de.uros.citlab.segmentation.CITlab_LA_ML:v=2.6.6
Transkribus</Creator>
        <Created>2020-09-07T11:01:19.582+07:00</Created>
        <LastChange>2020-09-07T11:00:32.203+02:00</LastChange>
        <TranskribusMetadata docId="471693" pageId="19517216" pageNr="304" tsid="39407425" status="IN_PROGRESS" userId="15017" imgUrl="https://files.transkribus.eu/Get?id=BDYIMCKYJKBNRKIHZOTDWQCK&amp;fileType=view" xmlUrl="https://files.transkribus.eu/Get?id=XABNLTOAWXYBJAZGBMBYWRLO" imageId="15084177"/>
    </Metadata>
    <Page imageFilename="ID-ANRI_K66a_889_306.jpg" imageWidth="2977" imageHeight="4736">
        <ReadingOrder>
            <OrderedGroup id="ro_1620455925118" caption="Regions reading order">
                <RegionRefIndexed index="0" regionRef="r1"/>
                <RegionRefIndexed index="1" regionRef="r2"/>
                <RegionRefIndexed index="2" regionRef="r3"/>
                <RegionRefIndexed index="3" regionRef="r4"/>
            </OrderedGroup>
        </ReadingOrder>
        <TextRegion orientation="0.0" id="r1" custom="readingOrder {index:0;}">
            <Coords points="65,4577 65,4730 101,4730 101,4577"/>
            <TextLine id="r1l1" custom="readingOrder {index:0;}">
                <Coords points="50,4704 64,4705 67,4702 75,4709 92,4694 114,4695 123,4599 101,4598 96,4594 78,4601 60,4597"/>
                <Baseline points="65,4677 101,4680"/>
                <TextEquiv>
                    <Unicode>5</Unicode>
                </TextEquiv>
            </TextLine>
            <TextEquiv>
                <Unicode>5</Unicode>
            </TextEquiv>
        </TextRegion>
        <TextRegion orientation="0.0" id="r2" custom="readingOrder {index:1;}">
            <Coords points="192,4 192,164 356,164 356,4"/>
            <TextLine id="r2l1" custom="readingOrder {index:0;}">
                <Coords points="179,130 218,127 229,138 259,133 270,121 289,126 303,119 342,86 370,87 366,21 335,18 322,30 308,25 271,47 247,29 212,39 192,21 172,22"/>
                <Baseline points="192,114 219,114 246,113 274,111 301,110 328,107 356,104"/>
                <TextEquiv>
                    <Unicode>306</Unicode>
                </TextEquiv>
            </TextLine>
            <TextEquiv>
                <Unicode>306</Unicode>
            </TextEquiv>
        </TextRegion>
        <TextRegion orientation="0.0" id="r3" custom="readingOrder {index:2;}">
            <Coords points="389,118 389,277 566,277 566,118"/>
            <TextLine id="r3l1" custom="readingOrder {index:0;}">
                <Coords points="377,250 415,253 445,228 501,266 512,257 534,263 556,246 580,254 579,67 505,101 485,92 453,120 376,121"/>
                <Baseline points="389,225 414,224 439,224 464,224 490,227 515,227 540,224 566,218"/>
                <TextEquiv>
                    <Unicode>306</Unicode>
                </TextEquiv>
            </TextLine>
            <TextEquiv>
                <Unicode>306</Unicode>
            </TextEquiv>
        </TextRegion>
        <TextRegion orientation="0.0" id="r4" custom="readingOrder {index:3;}">
            <Coords points="650,0 650,4641 2906,4641 2906,0"/>
            <TextLine id="r4l1" custom="readingOrder {index:0;}">
                <Coords points="2420,67 2475,69 2502,64 2508,70 2546,71 2549,-25 2497,-19 2483,-5 2469,-6 2460,2 2441,-7 2422,-7"/>
                <Baseline points="2436,26 2468,29 2501,29 2534,30"/>
                <TextEquiv>
                    <Unicode>8</Unicode>
                </TextEquiv>
            </TextLine>
            <TextLine id="r4l2" custom="readingOrder {index:1;}">
                <Coords points="1367,496 1441,498 1460,485 1481,480 1471,362 1452,367 1435,360 1430,366 1421,358 1407,360 1396,352 1388,356 1379,348 1354,353"/>
                <Baseline points="1376,441 1405,439 1434,436 1463,434"/>
                <TextEquiv>
                    <Unicode>„</Unicode>
                </TextEquiv>
            </TextLine>
            <TextLine id="r4l3" custom="readingOrder {index:2;}">
                <Coords points="1733,491 1813,522 2243,462 2587,522 2830,490 2831,374 2704,389 2219,272 2128,270 2047,327 1737,276"/>
                <Baseline points="1749,441 1802,446 1855,450 1909,454 1962,456 2015,459 2069,461 2122,461 2175,462 2229,462 2282,462 2335,462 2389,462 2442,462 2495,462 2549,462 2602,462 2655,462 2709,464 2762,464 2816,467"/>
                <TextEquiv>
                    <Unicode>te recxderden het picol</Unicode>
                </TextEquiv>
            </TextLine>
            <TextLine id="r4l4" custom="readingOrder {index:3;}">
                <Coords points="1014,611 1044,606 1080,634 1127,606 1168,626 1367,605 1416,639 1474,612 1518,623 1519,488 1475,480 1414,501 1357,481 1263,497 1224,483 1169,524 1114,491 1015,506"/>
                <Baseline points="1028,563 1053,563 1078,564 1103,564 1128,564 1153,565 1178,566 1204,566 1229,567 1254,567 1279,567 1304,567 1329,567 1355,567 1380,567 1405,567 1430,567 1455,567 1480,566 1506,566"/>
                <TextEquiv>
                    <Unicode>n alher t</Unicode>
                </TextEquiv>
            </TextLine>
            <TextLine id="r4l5" custom="readingOrder {index:4;}">
                <Coords points="1786,617 2152,608 2356,657 2623,593 2838,626 2857,471 2587,522 2458,486 2334,506 2243,462 2028,512 1973,482 1910,521 1786,510"/>
                <Baseline points="1799,567 1851,569 1903,569 1955,569 2007,569 2060,569 2112,567 2164,566 2216,566 2268,565 2321,564 2373,563 2425,563 2477,563 2529,563 2582,563 2634,564 2686,566 2738,567 2790,570 2843,572"/>
                <TextEquiv>
                    <Unicode>acaviahelf met conpant</Unicode>
                </TextEquiv>
            </TextLine>
            <TextLine id="r4l6" custom="readingOrder {index:5;}">
                <Coords points="689,742 1235,687 1623,784 1833,684 2171,790 2921,676 2718,597 2370,662 691,635"/>
                <Baseline points="704,681 814,683 924,683 1034,683 1144,683 1254,683 1364,683 1474,681 1584,681 1694,681 1805,681 1915,683 2025,683 2135,684 2245,686 2355,689 2465,692 2575,696 2685,701 2795,707 2906,713"/>
                <TextEquiv>
                    <Unicode>gelt, ende de helf met bleden ope lijwaten o rebensen</Unicode>
                </TextEquiv>
            </TextLine>
            <TextLine id="r4l7" custom="readingOrder {index:6;}">
                <Coords points="712,813 2757,850 2783,768 2684,720 2273,780 2145,696 1916,752 1842,685 1626,780 1302,705 1227,765 712,739"/>
                <Baseline points="725,804 827,806 929,806 1031,806 1133,807 1235,807 1337,807 1440,807 1542,807 1644,807 1746,807 1848,809 1950,809 2052,810 2155,812 2257,813 2359,815 2461,818 2563,821 2665,824 2768,828"/>
                <TextEquiv>
                    <Unicode>na de maackt ope prijs van d’ EComp: en bekennen sij</Unicode>
                </TextEquiv>
            </TextLine>
            <TextLine id="r4l8" custom="readingOrder {index:7;}">
                <Coords points="716,926 1140,930 1302,1017 1889,969 2805,1030 2807,881 2526,834 2314,893 2061,830 1444,855 1384,797 1209,886 717,835"/>
                <Baseline points="731,917 834,921 937,924 1040,927 1143,929 1246,930 1349,932 1452,933 1555,933 1658,933 1762,933 1865,933 1968,933 2071,933 2174,935 2277,935 2380,936 2483,938 2586,939 2689,942 2793,945"/>
                <TextEquiv>
                    <Unicode>beven gemelte af ersondene vanden Conts van tnbge</Unicode>
                </TextEquiv>
            </TextLine>
            <TextLine id="r4l9" custom="readingOrder {index:8;}">
                <Coords points="765,1065 1138,1145 1305,1078 1381,1148 1679,1066 1775,1150 1889,1064 2134,1070 2736,1163 2857,1107 2859,1003 1300,1015 1141,930 767,944"/>
                <Baseline points="779,1053 882,1053 985,1053 1088,1055 1191,1055 1295,1056 1398,1058 1501,1059 1604,1061 1707,1062 1811,1064 1914,1065 2017,1068 2120,1070 2223,1071 2327,1073 2430,1073 2533,1074 2636,1076 2739,1076 2843,1076"/>
                <TextEquiv>
                    <Unicode>eeckenng vante boven gemelte te doene teaanee</Unicode>
                </TextEquiv>
            </TextLine>
            <TextLine id="r4l10" custom="readingOrder {index:9;}">
                <Coords points="696,1204 2769,1239 2770,1160 1887,1066 1776,1150 1678,1067 1488,1070 1404,1151 1301,1076 1192,1152 797,1056 697,1121"/>
                <Baseline points="710,1182 812,1181 914,1181 1016,1182 1119,1182 1221,1182 1323,1184 1426,1184 1528,1185 1630,1186 1733,1187 1835,1188 1937,1190 2039,1191 2142,1193 2244,1196 2346,1197 2449,1199 2551,1201 2653,1203 2756,1205"/>
                <TextEquiv>
                    <Unicode>alhier vand EComp:e ontfangen te hebben de somma van</Unicode>
                </TextEquiv>
            </TextLine>
            <TextLine id="r4l11" custom="readingOrder {index:10;}">
                <Coords points="705,1331 1297,1368 1375,1313 1545,1394 1636,1320 1818,1404 1956,1311 2760,1349 2760,1291 2573,1287 2466,1199 2344,1253 706,1208"/>
                <Baseline points="719,1305 820,1308 921,1310 1022,1311 1124,1311 1225,1313 1326,1313 1428,1313 1529,1313 1630,1313 1732,1313 1833,1313 1934,1314 2035,1314 2137,1314 2238,1315 2339,1316 2441,1317 2542,1320 2643,1322 2745,1325"/>
                <TextEquiv>
                    <Unicode>drie dnsent lijxd:t degslf Julant: ende de heeft in</Unicode>
                </TextEquiv>
            </TextLine>
            <TextLine id="r4l12" custom="readingOrder {index:11;}">
                <Coords points="719,1450 958,1510 1041,1450 1134,1509 1487,1443 1806,1512 2140,1441 2580,1503 2735,1469 2736,1367 2487,1411 2413,1347 2215,1321 2135,1381 1957,1310 1818,1405 1637,1323 1546,1391 720,1331"/>
                <Baseline points="734,1424 833,1425 932,1428 1031,1430 1131,1431 1230,1433 1329,1435 1429,1437 1528,1439 1627,1440 1727,1440 1826,1442 1925,1443 2024,1443 2124,1443 2223,1443 2322,1443 2422,1443 2521,1443 2620,1442 2720,1440"/>
                <TextEquiv>
                    <Unicode>leden ooor weeckerns voed oeninge zij niet alleen heer</Unicode>
                </TextEquiv>
            </TextLine>
            <TextLine id="r4l13" custom="readingOrder {index:12;}">
                <Coords points="690,1561 2794,1580 2754,1447 1863,1522 691,1462"/>
                <Baseline points="704,1542 807,1545 911,1548 1015,1550 1119,1551 1223,1553 1326,1553 1430,1554 1534,1554 1638,1554 1742,1556 1845,1556 1949,1556 2053,1557 2157,1559 2261,1560 2364,1562 2468,1565 2572,1568 2676,1571 2780,1575"/>
                <TextEquiv>
                    <Unicode>zelven. elck voor hun portie verbinden bder bell be</Unicode>
                </TextEquiv>
            </TextLine>
            <TextLine id="r4l14" custom="readingOrder {index:13;}">
                <Coords points="695,1697 1761,1675 2333,1745 2824,1664 2461,1656 2374,1591 2257,1650 1980,1560 697,1578"/>
                <Baseline points="710,1661 815,1662 920,1664 1025,1666 1130,1668 1235,1670 1340,1672 1445,1674 1550,1676 1655,1679 1760,1680 1865,1682 1970,1683 2075,1685 2180,1686 2285,1688 2390,1689 2495,1690 2600,1691 2705,1691 2811,1691"/>
                <TextEquiv>
                    <Unicode>jus bij sonder ma geheel. gelijck mede voor de nakominge van</Unicode>
                </TextEquiv>
            </TextLine>
            <TextLine id="r4l15" custom="readingOrder {index:14;}">
                <Coords points="646,1826 719,1809 827,1863 884,1813 928,1814 949,1834 990,1842 995,1701 951,1705 900,1753 878,1752 819,1697 770,1676 708,1729 650,1721"/>
                <Baseline points="663,1773 689,1777 715,1780 741,1781 767,1782 793,1784 820,1784 846,1784 872,1784 898,1785 924,1786 950,1787 977,1790"/>
                <TextEquiv>
                    <Unicode>die ont</Unicode>
                </TextEquiv>
            </TextLine>
            <TextLine id="r4l16" custom="readingOrder {index:15;}">
                <Coords points="1217,1820 1877,1849 2148,1798 2403,1885 2539,1807 2629,1858 2745,1821 2746,1777 2600,1769 2522,1691 2369,1738 1759,1674 1219,1715"/>
                <Baseline points="1232,1784 1307,1785 1382,1785 1457,1787 1532,1788 1607,1790 1682,1790 1757,1791 1832,1793 1907,1794 1982,1796 2057,1796 2132,1797 2207,1799 2282,1800 2357,1800 2432,1802 2507,1803 2582,1805 2657,1805 2732,1806"/>
                <TextEquiv>
                    <Unicode>welden ondangijnde nederlantse, en</Unicode>
                </TextEquiv>
            </TextLine>
            <TextLine id="r4l17" custom="readingOrder {index:16;}">
                <Coords points="688,1955 2627,1963 2647,1812 2404,1887 2154,1800 1336,1877 1212,1824 1124,1886 923,1813 689,1847"/>
                <Baseline points="701,1899 797,1905 894,1908 990,1911 1087,1914 1184,1915 1280,1916 1377,1917 1473,1917 1570,1917 1667,1916 1763,1916 1860,1916 1956,1916 2053,1916 2150,1916 2246,1917 2343,1919 2439,1920 2536,1923 2633,1928"/>
                <TextEquiv>
                    <Unicode>wlgejtie aale geschreren zijnde bij vadergies</Unicode>
                </TextEquiv>
            </TextLine>
            <TextLine id="r4l18" custom="readingOrder {index:17;}">
                <Coords points="689,2042 1020,2036 1134,2115 1397,2037 1561,2098 2740,2099 2820,2081 2823,1938 1724,1933 1387,2007 691,1956"/>
                <Baseline points="704,2019 809,2024 914,2026 1019,2029 1124,2031 1229,2033 1334,2034 1440,2036 1545,2037 1650,2039 1755,2039 1860,2040 1965,2042 2070,2043 2176,2045 2281,2048 2386,2049 2491,2052 2596,2056 2701,2060 2807,2064"/>
                <TextEquiv>
                    <Unicode>contrnttante en onder reckent, Iar Cistat Batavia</Unicode>
                </TextEquiv>
            </TextLine>
            <TextLine id="r4l19" custom="readingOrder {index:18;}">
                <Coords points="682,2163 880,2227 1018,2134 1224,2232 1481,2153 1604,2250 2061,2253 2329,2172 2416,2247 2777,2238 2778,2100 2635,2080 1137,2110 1019,2035 886,2101 683,2033"/>
                <Baseline points="695,2154 798,2157 902,2160 1005,2162 1109,2162 1212,2163 1316,2163 1419,2163 1523,2163 1626,2162 1730,2162 1833,2162 1937,2162 2040,2162 2144,2162 2247,2163 2351,2165 2454,2166 2558,2169 2661,2174 2765,2178"/>
                <TextEquiv>
                    <Unicode>desen r: december A:o 1677. onderstonten was geeh:t</Unicode>
                </TextEquiv>
            </TextLine>
            <TextLine id="r4l20" custom="readingOrder {index:19;}">
                <Coords points="666,2336 2872,2309 2805,2215 2412,2244 2332,2170 2153,2242 1602,2250 1467,2151 996,2268 666,2165"/>
                <Baseline points="680,2279 794,2282 909,2286 1024,2289 1138,2289 1253,2289 1368,2289 1482,2289 1597,2287 1712,2285 1826,2283 1941,2282 2056,2280 2170,2279 2285,2279 2400,2279 2514,2279 2629,2280 2744,2283 2859,2288"/>
                <TextEquiv>
                    <Unicode>Rjkla van Goens tor Tyden ston ’s Comp„s zegel. in roden</Unicode>
                </TextEquiv>
            </TextLine>
            <TextLine id="r4l21" custom="readingOrder {index:20;}">
                <Coords points="637,2413 2864,2442 2865,2321 2526,2272 2306,2373 2031,2267 1782,2370 1546,2286 1278,2367 1182,2300 637,2336"/>
                <Baseline points="650,2384 760,2390 870,2394 980,2397 1090,2399 1200,2402 1310,2403 1420,2403 1530,2403 1640,2403 1751,2403 1861,2403 1971,2402 2081,2402 2191,2402 2301,2402 2411,2402 2521,2403 2631,2405 2741,2406 2852,2409"/>
                <TextEquiv>
                    <Unicode>lacke gedruckt, en dier onder terg grdannantie van Haer Ed:le</Unicode>
                </TextEquiv>
            </TextLine>
            <TextLine id="r4l22" custom="readingOrder {index:21;}">
                <Coords points="642,2516 815,2572 1141,2519 1245,2583 1375,2517 2548,2555 2685,2539 2686,2435 643,2408"/>
                <Baseline points="656,2495 756,2498 857,2501 958,2504 1059,2505 1160,2507 1260,2508 1361,2510 1462,2511 1563,2511 1664,2511 1764,2513 1865,2513 1966,2513 2067,2513 2168,2513 2268,2511 2369,2511 2470,2511 2571,2511 2672,2511"/>
                <TextEquiv>
                    <Unicode>engas vervaant Ian Campar secritaris zijndoor</Unicode>
                </TextEquiv>
            </TextLine>
            <TextLine id="r4l23" custom="readingOrder {index:22;}">
                <Coords points="676,2597 923,2662 1053,2601 1275,2668 2113,2626 2217,2681 2798,2660 2800,2547 2516,2581 2242,2510 2155,2580 1767,2593 677,2517"/>
                <Baseline points="689,2597 793,2600 898,2604 1003,2607 1108,2611 1212,2615 1317,2618 1422,2621 1527,2624 1631,2627 1736,2628 1841,2630 1946,2631 2050,2633 2155,2633 2260,2634 2365,2633 2469,2633 2574,2631 2679,2630 2784,2627"/>
                <TextEquiv>
                    <Unicode>tnslaet int maceijt bjde vooroemde afgesendene mede</Unicode>
                </TextEquiv>
            </TextLine>
            <TextLine id="r4l24" custom="readingOrder {index:23;}">
                <Coords points="675,2718 965,2708 1033,2743 1488,2712 1559,2741 1661,2732 1663,2655 1578,2634 1544,2666 1351,2676 1228,2631 1159,2660 1066,2600 868,2601 801,2638 678,2599"/>
                <Baseline points="689,2691 736,2693 784,2697 832,2698 880,2700 928,2702 976,2703 1024,2705 1072,2706 1120,2706 1168,2708 1215,2708 1263,2709 1311,2709 1359,2711 1407,2711 1455,2712 1503,2714 1551,2714 1599,2715 1647,2717"/>
                <TextEquiv>
                    <Unicode>op haer wijse ondertekent.</Unicode>
                </TextEquiv>
            </TextLine>
            <TextLine id="r4l25" custom="readingOrder {index:24;}">
                <Coords points="830,3070 1979,3030 2446,3129 2778,3068 2779,2968 2478,2873 2085,2949 1910,2886 1788,2945 1575,2839 1237,2936 833,2872"/>
                <Baseline points="846,3005 941,3009 1037,3012 1133,3015 1229,3018 1325,3020 1421,3020 1516,3021 1612,3021 1708,3022 1804,3023 1900,3023 1996,3023 2092,3024 2187,3026 2283,3027 2379,3030 2475,3033 2571,3038 2667,3043 2763,3050"/>
                <TextEquiv>
                    <Unicode>ntaviant Jatial datam als Voven</Unicode>
                </TextEquiv>
            </TextLine>
            <TextLine id="r4l26" custom="readingOrder {index:25;}">
                <Coords points="2003,3636 2222,3605 2254,3623 2339,3537 2594,3554 2585,3403 2521,3440 2464,3424 2416,3450 2356,3412 2275,3403 2166,3466 1990,3427"/>
                <Baseline points="2013,3552 2041,3548 2069,3546 2097,3544 2125,3543 2154,3541 2182,3540 2210,3539 2238,3537 2266,3537 2295,3536 2323,3534 2351,3533 2379,3531 2407,3529 2436,3527 2464,3523 2492,3521 2520,3517 2548,3513 2577,3507"/>
                <TextEquiv>
                    <Unicode>van goehs</Unicode>
                </TextEquiv>
            </TextLine>
            <TextLine id="r4l27" custom="readingOrder {index:26;}">
                <Coords points="1937,3760 1968,3773 2102,3733 2359,3765 2450,3760 2487,3726 2579,3746 2671,3705 2669,3614 2564,3595 2477,3646 2329,3659 2246,3650 2209,3618 2171,3646 2066,3627 1935,3680"/>
                <Baseline points="1949,3719 1984,3715 2019,3712 2055,3708 2090,3706 2126,3705 2161,3704 2196,3704 2232,3702 2267,3702 2303,3702 2338,3702 2373,3702 2409,3702 2444,3702 2480,3701 2515,3699 2550,3699 2586,3695 2621,3694 2657,3689"/>
                <TextEquiv>
                    <Unicode>auvent Pit</Unicode>
                </TextEquiv>
            </TextLine>
            <TextLine id="r4l28" custom="readingOrder {index:27;}">
                <Coords points="1860,3897 2069,3868 2466,3884 2716,3849 2715,3775 2561,3762 2475,3713 2421,3763 2319,3778 2253,3740 2176,3782 2049,3744 1859,3778"/>
                <Baseline points="1872,3849 1913,3849 1955,3849 1996,3849 2038,3849 2079,3849 2121,3849 2162,3849 2204,3849 2245,3849 2287,3848 2328,3848 2370,3848 2411,3847 2453,3846 2494,3846 2536,3845 2577,3845 2619,3845 2660,3843 2702,3843"/>
                <TextEquiv>
                    <Unicode>p. s. Bertwater</Unicode>
                </TextEquiv>
            </TextLine>
            <TextLine id="r4l29" custom="readingOrder {index:28;}">
                <Coords points="1041,4436 1245,4380 1366,4399 1418,4446 1531,4401 1617,4470 1721,4428 1721,4277 1655,4252 1498,4269 1338,4220 1266,4267 1222,4234 1173,4254 1123,4226 1040,4268"/>
                <Baseline points="1055,4385 1087,4383 1120,4383 1152,4383 1185,4383 1217,4383 1250,4384 1282,4385 1315,4385 1347,4385 1380,4386 1413,4386 1445,4386 1478,4386 1510,4386 1543,4385 1575,4384 1608,4383 1640,4381 1673,4379 1706,4376"/>
                <TextEquiv>
                    <Unicode>Van Camphuijs</Unicode>
                </TextEquiv>
            </TextLine>
            <TextLine id="r4l30" custom="readingOrder {index:29;}">
                <Coords points="2085,4427 2135,4435 2168,4415 2196,4434 2248,4436 2270,4419 2377,4415 2515,4448 2514,4358 2445,4328 2398,4343 2335,4324 2318,4341 2208,4354 2183,4330 2084,4303"/>
                <Baseline points="2099,4418 2124,4416 2149,4413 2174,4411 2199,4410 2224,4409 2250,4409 2275,4409 2300,4409 2325,4409 2350,4409 2376,4410 2401,4410 2426,4409 2451,4409 2476,4408 2502,4407"/>
                <TextEquiv>
                    <Unicode>Havilioen</Unicode>
                </TextEquiv>
            </TextLine>
            <TextLine id="r4l31" custom="readingOrder {index:30;}">
                <Coords points="1287,4641 1305,4629 1321,4632 1334,4623 1287,4552 1271,4563 1265,4563 1262,4569 1246,4579"/>
                <Baseline points="1286,4613 1304,4601"/>
                <TextEquiv>
                    <Unicode>P</Unicode>
                </TextEquiv>
            </TextLine>
            <TextEquiv>
                <Unicode>8
„
te recxderden het picol
n alher t
acaviahelf met conpant
gelt, ende de helf met bleden ope lijwaten o rebensen
na de maackt ope prijs van d’ EComp: en bekennen sij
beven gemelte af ersondene vanden Conts van tnbge
eeckenng vante boven gemelte te doene teaanee
alhier vand EComp:e ontfangen te hebben de somma van
drie dnsent lijxd:t degslf Julant: ende de heeft in
leden ooor weeckerns voed oeninge zij niet alleen heer
zelven. elck voor hun portie verbinden bder bell be
jus bij sonder ma geheel. gelijck mede voor de nakominge van
die ont
welden ondangijnde nederlantse, en
wlgejtie aale geschreren zijnde bij vadergies
contrnttante en onder reckent, Iar Cistat Batavia
desen r: december A:o 1677. onderstonten was geeh:t
Rjkla van Goens tor Tyden ston ’s Comp„s zegel. in roden
lacke gedruckt, en dier onder terg grdannantie van Haer Ed:le
engas vervaant Ian Campar secritaris zijndoor
tnslaet int maceijt bjde vooroemde afgesendene mede
op haer wijse ondertekent.
ntaviant Jatial datam als Voven
van goehs
auvent Pit
p. s. Bertwater
Van Camphuijs
Havilioen
P</Unicode>
            </TextEquiv>
        </TextRegion>
    </Page>
</PcGts>
