2977 4710
70 21 257 198 136
248 121 416 307 36
635 253 2621 487 goet sicces heeft gehad, en wj als nu vermiits de
632 472 2771 581 beroerten vanden oorligh aldaer geen groote verwagh„
635 561 2769 742 tinge van deselve konnen hebben, soo is eghter goet
639 687 2795 882 gevonden, een nader preuve datr van te nemen, ende
615 825 2748 1028 met de boven gem:t bodems afte zenden, de waarde van
578 946 651 1034 9l
2 830 581 1034 rit mer alo 100E
4 997 660 1113 derwaerts tezenden tot
647 971 2655 1150 ongenaer. 100 E: guldens jncoops, sullende gem:t
21 1072 415 1188 nader preuve.
647 1104 2689 1281 Coopman Iacob Schaagen (die na’t overlijden van ’t
635 1239 2729 1466 opperhooft den E: gillis van Green, in die plaets
644 1383 2694 1598 is opgetreden, ende bij desen, door ons daer jnne wert
14 1410 562 1633 den Copman Iacob
22 1549 625 1721 schegen tot Oppech:
640 1539 2827 1684 bevestight) worden geordonneert, het selve Cargasoen,
25 1664 350 1819 verkoren.
640 1669 2790 1824 als mede de overgeblevene restanten, metten eersten
630 1789 2797 2008 om tesetten, en te verhandelen, t zij publicq, en met
637 1911 2728 2143 toestaen vande gemelte regeringh tot Bocksieuw, ofte
645 2069 2829 2231 oock wel ter sluijck, na dat het de tijt en gelegentheijt
645 2186 2807 2366 zal willen toelaten, mits datter geen Coopmanschappen
20 2339 637 2468 geen nieuwe coopman„
636 2318 2747 2462 van het nieuwe Cargasoen, aenlandt sullen mogen
20 2427 654 2561 schappen aen landt te
655 2431 2719 2657 werden gebraght, voor ende aleer het bedraagen
15 2512 607 2619 Zenden voor dat het
35 2591 616 2702 bedragen van de over
647 2586 2750 2767 vande verkoghte restanten, binnen boordt vande schepen
38 2671 637 2794 gebleven restantin.
39 2742 624 2887 aen boort gekomen
629 2715 2782 2927 en onder onse maght gekomen zij, dogh den handel
27 2832 160 2967 zij.
630 2858 2563 3063 op deen off d’ andere wijse aldaer niet willende
641 2989 2725 3200 gelucken, dat die als dan met het Jagst de zijp,
635 3181 2668 3314 onderstaen, ende gesoght zal moeten werden jnde
27 3149 635 3314 den handel doo Hoesieu
14 3282 639 3388 niet willende gelucken
638 3242 2894 3461 Eijlanden van Maccauw, ende de baij van Lampolant
3 3356 660 3483 die dan te soecken jnde
663 3364 2732 3590 atende d’ andere twee ledige bodems thuijs te
12 3430 655 3551 Eijlanden van Macau.
659 3513 2767 3737 Cleeff, ende deflaman, ter gelegener tijt na siant
14 3547 646 3699 twee vande schepen na
-3 3659 627 3775 siam te zenden om een
642 3643 2771 3846 vertrecken, om van daer herwaerts te brengen
21 3739 633 3861 ladingh rijs herwaerts
12 3814 406 3958 te brengen.
612 3766 2859 4008 soo veel rijs als deselve bequaemlijck sullen konnen
