2994 4745
10 126 183 293 5
875 30 972 165 4
2566 97 2776 249 259
2626 248 2839 432 259
208 296 2268 529 alles zijne Croditeeren te voldoen to meer
98 504 2347 709 alsoo eenige vande selve hem jn gestelingh gesett
200 627 2344 817 hebbenden alle gelegentheijt van verhaelbena„
203 771 2436 955 men holden dende waer door biesigs genootsaeckt
236 916 2388 1090 bedvond, den voor dese van deselve zijne credi„
230 1051 2321 1285 deuren afstande van goederen te doen; ver„
222 1206 2319 1413 soeckendes dat hem tot dien eijnde moghte
221 1341 2385 1535 werden verleent buven van Cossie R:a waer
209 1495 2351 1671 op gedelibideert zijnde zoo is goetgevonden hem
231 1609 2370 1858 suppl: de versoghte Cessie, en afstandt van goe„
221 1753 2304 1977 deren soo testaen, met Committinur, aanden
236 1904 2308 2121 agtbbaren raadt van Justitie deses Casteels.
581 2078 2326 2328 ber Malener jntie feliman ons. beright
2365 2211 2923 2409 Een tijskenight
225 2237 2320 2475 zijnde doe een getal van ongeveer 300: van
2370 2343 2906 2473 na Eradan uijt de
2341 2421 2967 2571 setten tegen Partije
566 2391 2326 2563 asgehoene en ddaem geroe slaven soo
2349 2520 2877 2657 wegh gelopen en
592 2524 2344 2744 worden waeren, van hun onder de naem
2360 2605 2878 2765 t saem genotte
571 2638 2348 2844 fejaja met alleen meesder te maecken
2372 2718 2690 2830 slaven.
249 2776 2415 2945 van brnge dorpen omtrent de rivier van Cravan
237 2900 2409 3124 maer nogh daer en beven, met vrouw en kinderen
228 3046 2405 3253 te vermoorden den Mattaramsen Sabandaer van
226 3161 2359 3381 t dorp Congsjack jarij, genaemt Iaja parcata
251 3312 2319 3499 om dat denselven haere Heerschappije niet en
250 3424 2324 3594 wilde aennnomen, waer op gedelibereert zijnde
250 3552 2368 3718 en geoordeelt dit quaet op en omtrent Comp:s
233 3699 2391 3924 fronturen, nootsaecklijck jnden beginne en hoe
248 3829 2389 3974 eer hoebeter, sal dienen te werden gestut„
239 3972 2260 4185 om van geen nadeliger gevolgh te werden
2007 4165 2217 4269 300
1565 4452 1689 4586 E
