3026 4706
56 4461 173 4591 2
2593 82 2803 242 229
2621 224 2865 394 229
85 130 2301 590 Bijns dagh 5„ October Ao 16733.
136 717 2311 979 Dewijl den Notaris Pieter van zeupen, ver„
2279 822 2891 1031 dionijs van E: hot:
154 940 2828 1125 soght heeft om van dat ampt, ontslagen te mogen rotiris gestelt.
164 1059 2223 1300 zijn, oop is goetgevonden, ende verstaen, daer
175 1222 2357 1433 mede weder te beneficeren, den procureur Douijs
174 1343 2356 1578 van E: zijnde een persoon van goede getuijg„
171 1491 1214 1705 nisse, en bequaemheijt.
219 1672 2293 1953 Dn is oock geetgevonden den gemelte pieder
186 1889 2217 2085 van Leeuwen, toe testaen zijn scheepje Orangje
2321 1841 2939 2063 Iide en Saiee
2327 2018 2966 2144 toegestaen een scheepje
185 1996 2328 2193 om een ladings rijs na kraacau, te mogen zenden
2340 2099 2975 2274 na Arraccan te zenden
194 2163 2231 2347 te weten op sodanigen conditie, en met deselve
185 2291 2303 2504 bepalinge als sulx aen den Dorger Capitain
167 2436 2255 2644 abrdhant vertruijs, is vergunt, ende bij resolutie
190 2590 2302 2790 van. 17=e Maij. jongseleden staet uijt gedruckt
196 2773 2352 3044 om na verscheijde plaetsen te helpen, overvoeren
115 2960 2400 3137 de Coopmanschappen, die met de schepen ’t huijs
200 3105 2438 3278 te spijck, twapen van Widdelburgh, en schielandt
210 3219 2211 3412 uijt Iapan tot Malacca staen aentekomen
205 3341 2339 3578 als mede de gene die aldaer jn voorraet sulen
209 3517 2216 3740 sijn, ende van hier gesonden staen te werden
219 3664 2949 3858 js goetgevonden nogh aenteleggen, ende na gem:t de Britie oer
2377 3767 2975 3945 malacca na Bengale
2383 3854 2720 4017 aengeleijt
237 3808 2340 3993 Malacca, te zenden, de fluijt schepen Geenmter
2344 3968 2969 4104 Jtem Wimmenum en
2307 4019 2375 4119 „
205 3947 2189 4180 immenum, ende tlaucken, maeckende
2351 4054 3037 4226 warcken na Cormandel
1959 4120 2221 4306 met
