2937 4692
124 200 2336 511 eder voort een off tander miedel, wierden onderteunt
183 438 2434 633 waer op gedelibereert zijnde en geconsidereert, dat de Collecten
197 553 2412 772 vande boven gewelte Diaconije, staen toe tenemen, en groter
186 688 2338 892 bevallen, om dat de Malejtse gemeente die tevoren met
118 808 2274 1026 die vande Portugese Tale, de jnlandse kerck bij beurten
2264 905 2314 964 —
170 975 2375 1155 plaghten te gebruijcken) nu een besondere predickplents
174 1058 2369 1278 in ’t stadthuijs hebben, en volgens onse resolutie van t maij
185 1234 2392 1403 jongstleden, nogh een bequamer staen te krijgen, waer door
171 1323 2338 1501 weecklijcks twee predicatien, meer komen te geschieden
173 1466 2344 1684 ende de gem: Maleijtse, gemeente soo wij hopen te beter
134 1598 2305 1773 zal aengroeijen, soo is goetgevonden, ende verstaen onse
172 1736 2338 1928 gegeven ordre bij vorn: Resolutie van 19:' Iunij 1616.
170 1883 2302 2046 weder jnte trecken, en die van gemelte aghtb: Raadt
157 2004 2362 2178 van Justitie te ordonneren, datse van nu voortaen, ende
124 2112 2310 2340 tot dat, bij ons anders sal werden geresolveert; alle
141 2227 2309 2474 confiscatien sullen laeten komen ten behoeve van
133 2377 2332 2627 het gem:te Lazarus huijs, ofte de gene die jn hetselve
144 2510 1538 2736 moeten werden onderhoden n
202 2652 2160 2922 Batavia in't Casteel datum als voren
1340 2940 2225 3190 Joan Raetsuijker
1527 3142 2213 3377 van gochs
1361 3384 2156 3574 Sauvet Dit
1409 3535 2448 3729 .  Gertwater
946 3612 1076 3860 be
1432 3655 2206 3856 Constantin Lanst,
1539 3809 2377 4015 Sulen nbodirie
613 3952 2185 4262 Van Campluejs Aarheoen
491 4164 929 4426 J
1613 4190 2401 4474 ilkem volgen
1321 4392 1484 4512 1
