2958 4742
66 33 257 246 196
334 78 509 299 196
2703 158 2804 324 „
28 307 2905 517 dogh de singalise hoopden hebben gedient mogen blijven onder ’s Comp:s bescher:
23 484 613 598 die ons gedient hebben
19 491 2808 682 onder onse bescherminge minge jndiense sulcks begeren, ende vreese mogsten
20 634 389 747 te houden.
639 638 2884 891 hebben van daer over door den Coninckh besullen werden
648 778 2714 1024 gestraft. Ende zal de aenbiedingh van bjven
625 945 2773 1168 genoemde handen geschieden door een missive van
29 1053 579 1294 d’aenbiedingh van e
641 1083 2778 1296 dese vergaderings getekent bij d’E: Heer gouvern
24 1228 623 1357 selve landen te laven
654 1264 2735 1481 generael, dewelcke oock door een persoon desselfs
40 1326 625 1486 geschieden door eenne
28 1404 2804 1644 brioff van diel vergz=te Leverije, ende de naem van een Eijffvagst dragende
42 1519 251 1665 ringh.
652 1580 2779 1807 opgebraght zal werden, tot aen onse uijtterste
659 1718 2854 1980 waghten, om dan door eenen Golla selle, een aposamij
646 1886 2795 2081 ofte officier des Conincks, ende nogh op Colombo zijnde
652 2028 2869 2256 vorders bestelt, ende aen zijn Maeijesteijt overgelevent
640 2169 1128 2400 te werden,
747 2344 2813 2639 Ende gemerckt de theede met Ragia Singa„
541 2556 2899 2790 die wij door bovengemelte addelen welischen, en hopen
16 2641 686 2806 de gegeven ordre tot het
22 2713 2811 2936 maken van fortiscatiente verkrijgen, de lasten sodanigh als vereijscht, niet en
27 2825 646 2977 en wercken weder in
645 2845 2776 3074 zal verminderen, om op dat groote eijlandt te
13 2910 484 3034 te trecken
632 2989 2795 3228 konnen bestaen, jndien wij het selve door fortificatien
637 3129 2779 3393 en swaere guarnisoenen geduirigh willen versekeren
628 3297 2752 3538 voor alle aenkomende Europische vijanden dewelcke
546 3443 2751 3636 dogh bij sodanigen geval wel ten principalen met
617 3600 2687 3802 ’s Comp:s zeemaght zouden moeten werden tegen„
556 3740 2708 3940 :gegaen, ende t' ondergebraght soo is verstaen, ons
633 3909 2760 4113 voor desen gedragen consent, tot het maecken van
614 4027 2755 4265 eenige wercken, en fortificatien weder jnte trecken
2443 4173 2724 4338 ende
