2983 4770
2627 64 2820 220 299
2676 237 2880 403 299
382 119 2391 561 hrijdagh 1e December A:o 1671.
555 501 934 673 „Conn
150 734 2897 927 1s in versdeekinge vertdenen venj Eerier plagibant sepet en den Ment
2277 916 2952 1025 om sijn verlossinge nat t
154 944 2212 1119 Caroeus plandean, overgevende het navolgenden
2266 984 2908 1113 Patiia en sijnffanmislie
2275 1070 2693 1179 uijtnebes
163 1047 448 1240 inguf
651 1279 2245 1531 „der - J= Hoagh Aghgbaere E:s Jaan
669 1451 2239 1674 etsuijeder Gouverneur Generael
623 1611 2359 1833 a ningade Haog Ed: e seeken Raadsj:
713 1755 1802 1968 van Nederlants Padia.
465 2008 2476 2223 mijn Hooghagterre en Gebiedende Heeren.
1187 2191 1781 2334 2 5
136 2222 2343 2426 Vertoot met alle gehoorlijcke eerbiedigheijt Carolus
178 2432 2333 2573 wlantean predicont dat hij l ij sij selve is te raade
199 2516 388 2612 gem
1168 2521 2354 2700 d: gn ot moediese versoecken
202 2527 902 2715 r
1137 2631 2390 2809 H: H: Ed: hem suppl: gelieve
192 2678 2302 2882 gingagen, mett zijn vojinge om in het tekomende saer
189 2846 2322 2979 te repatrieren, end die ije dien eijnde nu niet dendese
183 2941 2321 3120 aenstaende beendinge van u : Ed„s mos gelicentieert
204 3060 2290 3228 worden na /anda te vertrecken, om zijn huijshoudinge
2268 3105 2322 3210 —
108 3106 2344 3290 zaldaer ogebreken, zijn perticuliere zaacken te verrighten
201 3218 2353 3379 en dan verder te dienen,  zult en geleijde van zjn vrouw
139 3329 2372 3528 en drijfoemondige kinderen. na atpia ’t welck doon des&:a
194 3424 1423 3629 was getekent te rake argaar.
182 3592 2322 3838 Waer op gedelibereert zijnde soo is een paerlijcke
2306 3669 2998 3890 datken heert toegestaen
200 3742 2292 3934 goetgevonden zijn eerw: versoeck te accorderen en
2309 3835 2899 3968 onder Continuatie van
193 3868 2272 4036 toegestaen niets blijvende contnueren het suspense
2294 3932 2886 4069 sijn vorige stelpen
2336 4013 2937 4198 off A:lstant van gagen
196 4008 2329 4212 wagt mede uijt Banda, op gekomen is, alsoo zijn
2012 4158 2295 4349 beroep
1520 4409 1701 4549 ag
