2941 4729
2629 67 2794 241 193
2649 189 2880 363 97
146 309 2264 538 ende melt expresselijck te ordonneren dat deselve
161 518 2068 752 tot Colombo, gale, Trincoemmale, kagienture
157 637 2173 883 Manaer, equw, offwaer het oock magh wesen
157 804 2194 1011 en schoonses onder handen moghten zijn, sullen blijven
577 926 640 1020 5
2332 888 2884 1056 uijt gesondert eeni„
151 965 2122 1164 stilstaen; uijt gesondent het nodige, ende weijnige
2303 996 2533 1109 nodige
16 1069 2267 1308 dat er nogh te doen is, op Patticaloa, ende aende
1205 1228 1965 1337 t vande Iaffanapatnamse.
148 1263 2301 1474 afsuijdinge vande wannische provintien, het maecken
160 1396 2261 1629 van wagst huijsen, op de wegen van Iaffanapatneem
139 1554 2275 1814 na WEanaer, de voltoijingh vande graght van’t fort
147 1685 2373 1924 tot Calpatain, de verbeteringh van ’t oude prreguliere
127 1855 2262 2117 Casteel Jaffanapatnam, tot sodanige gestalte als
29 2004 2349 2277 de over te zenden aftekeningh zal amwijsen, sonder
154 2169 2281 2416 meer te gedeucken aende verplaetsingh van't selve
144 2317 2260 2558 tot kagienture, als zijnde van te quaden situatie
143 2506 2260 2703 voor een goedefortesse, wijders de opbouwingh, en
139 2630 2269 2887 bequaem maeckinge van eenige woonhuijsen, ende
2197 2653 2304 2768 „
152 2782 2259 3010 verblijff plaetsen voor verscheijde dienaeren, jnde
151 2912 2315 3196 provintien van Iaffanapatnam, met alle het welcke
150 3108 2388 3302 zal mogen werden voort gevaeren te weten door slaven,
101 3245 2334 3493 en dienstbare onderdanen, van d’ E Comp:e sonder aende
143 3406 2852 3672 heeft genoemde, dierwegen te laten geschieden, eenige de Lijnstbare geen
2288 3589 2850 3704 onbetaemlijcke last
135 3581 2767 3786 onredelijckheijt ofte onbetaemeljcke overlast, Ende op te leggen.
78 3695 2332 3910 /wat belanght de stadt Nagapatnam, op Cormandel,
154 3878 2221 4096 nu mede sorterende onder het gouvernement van
2302 3827 2850 4074 aen Nogpatmam
2297 4037 2823 4146 geen onkosten van
159 4032 2220 4283 Ceijlou, is verstaen aen de selve geen onkosten van
2285 4103 2889 4253 „nieuwe fortificatien.
2292 4175 2740 4325 te latif doek —
1957 4221 2262 4384 nieuwe
1431 4401 1593 4570 g
