2967 4773
89 84 284 205 282
78 235 362 389 282
622 101 2817 487 Woonsdlagh 8:o december A:o 165
2595 622 2743 757 5
786 639 2806 933 E: H:r Anthonij pavilioen, een aenvange sullende
35 764 580 978 Resohatie over de
54 835 2615 1111 slalen van tansae maecke neiet het beot woor den, dee ontfangene
611 984 2688 1231 brieven, ende bij gevoegde papieren van 'tkacasser
612 1138 2889 1396 ende her dien eijnde de tloouen uijstr deselve gerocken
647 1277 2749 1467 jn vergaderings gebraght hebbende, soo is op deen
659 1428 2853 1683 en ’t ander die prendie raeckende gengnen sodanigen
666 1570 1500 1830 desluij als volght
733 1815 2450 2075 Om te dienen tot verloffingh vande „: 1a
14 1903 541 2165 50. soldaten tot
695 1995 2052 2235 ot relacasser haer tijd uitg de
26 2108 631 2226 Recrent derwaerts te
52 2210 304 2303 senden
651 2138 2823 2383 tot langer Eerblijff ongenegn:i gotgv en
657 2319 2835 2482 derwaerts te zenden, een geta v 20„ der i
644 2429 1072 2620 soldaten
702 2649 1728 2864 dat den redelligen Commt
2145 2717 2872 2910 onWamet ig
22 2774 644 2954 ’t affseten van den Ed:s
667 2835 1816 3029 ofte Crain Bissij, door d’onse
2227 2830 2716 3034 antl:: t
31 2882 638 3043 van goa Cain Bissee
26 2968 642 3107 en taenstellen hane
662 2967 2824 3149 zoundtgeaten met de wapenen aengetast, en gedwongn
21 3070 596 3220 sijn broeder Craen
38 3143 646 3309 Sadrebone geapprob:
655 3119 2817 3315 is geworden sigh aen d’ E: Comp:e mitsgaders zijn rijck
662 3270 2802 3484 en Croon, aen zijn boeder Crain sadrebonij, over
627 3401 2881 3645 te geven, wert bij desen aengesien voor seer wel gedaen
662 3559 2761 3801 en de dienvolgende oock geapprobeert: ende nadien
643 3713 2784 3918 den Co: palacca, en andere grooten oordelen dat
668 3852 2878 4058 het verblijff van gemelte afgesetten Co: Maspa oessongs,
647 3991 2774 4212 op Macasser veer gevaerlijck zij, en na allet
649 4129 2728 4370 aarentie, niet dan groot quaet zal komen te
2419 4372 2601 4471 ver
