3027 4793
79 85 323 235 d 146
280 229 442 406 146
60 924 641 1067 besendingh om rijs na
60 1036 599 1170 arrachan te doen
847 160 2966 584 Vrijdagh 9:' Iulij A„o 1672.
727 600 2835 827 Den verwerden toestandt op de bostcust van Iavas
639 795 2781 960 onder de regerings vanden sousonhounangs Mataram
693 919 2774 1071 ons hoe langer hoesmeer de hope benemende, om van
680 1051 2786 1256 daer gelijck in vorige tijden te bekomen, een goede
686 1216 2703 1382 quantiteijt rijs, en andere levens middelen, door het
2681 1239 2744 1354 —
666 1335 2693 1485 derven vandewelcke dese stadt, ende de oostense
675 1472 2825 1639 provintien wel jn verlegentheijt, en gebreck moghten
702 1573 2780 1734 komen te vervallen, te meer wanneer door t een off
696 1693 2741 1872 ’t ander toeval, den geejschten rijs. uijt Bengale
692 1794 2834 2017 siam, ende andere quartieren mede quam te ontstaen,
694 1921 2831 2111 soo zijn de gedaghten, nu oock gevallen, op Arraccan,
708 2049 2832 2278 een landt dat voor desen, tot een civilen prijs verl
689 2174 2849 2380 deughtsaemen rijs plaght uijt te leveren, ende van
698 2305 2861 2493 waer wij A:o 1665. door divangh, ende op het begeren
715 2446 2831 2662 vanden grooten 1slogol, en den Cabab, die als doen
704 2605 2733 2750 sijnen 't wegen in Bengale het gebiedt verde
719 2710 2797 2914 genootsaeckt zijn geworden, het Comptoir te moeten
713 2849 2769 3057 lighten, ’t welck gemeent werk dat jndesen tijt
703 2970 2848 3144 wel weder soude konnen worden Eerstelt sonder
617 3132 724 3261 C
709 3102 2698 3327 dat dien aengaende omtrent denselven Nogol
705 3236 2866 3419 ende die van Bengale, eenige bekommeringh ofte
693 3367 2858 3574 swarigheijt te vreelen zij, nadien den oorlogh tussen
627 3475 2791 3701 deselve mooren, ende die van Arraccan, al voor
704 3604 2849 3800 lange is bij geleght: Ende is daer op na serieuse
650 3751 2910 3974 deliberatie, goetgevonden, ende vastgestelt de besendinge
710 3908 2849 4109 om rijs na Arraccan, met ta t bequame schepen
719 4030 2811 4217 ter gelegener tijt te laten voortgaen, ende tot
2326 4168 2864 4396 5 opperhooft
2837 4172 2945 4368 5 „
