2941 4757
42 4408 146 4638 2
91 251 2350 529 Banma Mleden den 12' Mag 1628. was getekent
126 452 2225 685 Willem van Ourhoorn, Gualter Zeeman, en volkeaus
175 587 1071 801 van Goens
104 756 2328 1008 wet welck adrijs en gevoelen dese vergaderings sigh
100 884 2252 1088 dan een parigblijck hebbende gecontirmeert, soo is —
130 1036 2403 1243 gevolgelijck goetgebonden, ende verstaen het gemaeckte
192 1158 2303 1336 beseandene vanden Coneees Consock, meermaelen ge:
168 1291 2402 1473 voor hdet ende van waerde te souden, dogh egster uijt desselfe
173 1401 2281 1589 nagelaten fider commissaire goedepen: sooveel vanden
158 1555 2322 1704 last des verhand de ontslaen: als gem:e voedelm:r sulled
143 1652 2306 1847 oordelen dat tot beste vande jegenwoordige ende aen„
170 1772 2348 1965 naende erffgenamen dienen verkoght te werden, ende
169 1859 2431 2048 waer toe haer E: bij desen oock werden geanthoriseert
182 2024 2337 2181 mied dat de penningen daer van de procederen net allen
180 2123 2285 2278 sullen blijven fidercommis, en vande selve katuire als
183 2271 2333 2445 de goederen selve voor de verkopingh iaer datje oock
163 2378 2321 2523 bij de E: Comp: op jntrest sullen werden geseelt, lavende
161 2495 2536 2702 vande bladingen uijsten, ende inhonesten der voortzeegoederen
20 2617 2360 2810 een golden ijd zoon enweeliten n confait vandes
167 2755 2325 2921 Testateje begeerte, ende het advijs der heeren Raaden
175 2868 1372 3053 van Institie porcg genoemtn
284 2975 2132 3208 Batavia iet Casteel datam als voren
1539 3174 2461 3414 Joan Raetswjker
1589 3365 2310 3595 van goens
1691 3553 2332 3757 Calerons Pit
1616 3701 2527 3891 p.r R. Edertwaten
2339 3848 2413 4012 „
1654 3822 2361 3988 Constantin Lanst
1763 3928 2601 4140 = Sihter van Cooren
1890 4093 2412 4314 Hahoen
2024 4280 2636 4463 Wilken volger
1329 4333 1471 4516 v
2527 4434 2608 4516 _
1910 4416 2635 4671 C: Joanlangnuijs
2034 4575 2251 4732 wer d
2595 73 2762 191 95
2597 196 2779 358 35
