2957 4709
13 334 107 412 „
2350 2306 2408 2383 e
2683 15 2868 198 1135.
2667 177 2822 342 135
106 233 2342 482 .door divangh vande gebieders, en oock met eeden om
202 424 2359 606 jnte vorderen eenige jmportante uijtstaende schulden,
190 555 2228 744 dewelcke door deschielijcke veranderingh jnde
189 692 2188 844 regeringe, ende dat sigh deselve stadt weder seer
192 799 2344 1005 schielijck onder de Cartarische negeringh heeft moeten
186 942 2335 1136 buijgen, niet hebben konnen werden jngevordert pen
186 1059 2286 1287 als nogh groot gevaerlopen, van noijt voldaen te
160 1201 2398 1388 sullen werden, soos na veel overwegens en ernstige
185 1337 2215 1531 deliberatie goetgevonden, tot die voijagie aente
2335 1399 2929 1608 de Iaghten zn en
198 1466 2225 1659 leggen, de Jaghten de zijp, 't huijs te cleeff, ende
2323 1531 2891 1673 ’t huijs mitsgaders de
2322 1616 2951 1728 flaman derwaerts be
127 1604 2340 1813 deflaman, alle drij weerbaere bodems, en oversulcx
2348 1683 2604 1806 zenden
197 1719 2268 1954 bequaem om wat aensien, ende ontsagh te baaren
202 1863 2259 2073 mitsgaders afteslaen, de gene die haer moghten
205 2005 2270 2153 tragsten te beschadigen, sonder dat evenwel voor
200 2111 2243 2337 als nogh onse meninge zij, om deselve schepen te
198 2252 2364 2464 laten dienen tot hulpe, ende adsistentie vande gem:
193 2390 2317 2607 Cartarische regeringe tot Bocksieuw, ende om
195 2566 2399 2729 gelijck zij bij haer schrijven aen ons hebben versoght,
203 2661 2405 2879 gesamentlijck de Cocxmse ofte formosaense Chinesen
216 2778 2337 2999 vijandtlijck aente tasten, en alsoo alle mogelijcke
2331 2908 2865 3071 ons neutirael te
211 2898 2286 3088 afbreuck te doen; maer is verstaen, ons jn ’t geheel
2320 3026 2941 3148 houden en met geen
215 3044 2300 3209 mcuterael tehouden, ende nogh d’ een, off d’ andere
2342 3113 2965 3219 Oorlogen jnte wickele
182 3173 2286 3390 parthije eenige offentie te geven, ’t en waere wij,
213 3310 2334 3525 door haer eerst aengetaft wordende, genootsaeckt
207 3455 2342 3595 wierden de wapenen mede aentevatten, en volgens
204 3561 2336 3777 ’t reght vande nature gewelt met gewelt te weder„
205 3721 2396 3886 staen, Ende off wel de negotie ju't rijck van China
193 3841 2379 4052 het voorleden Jaer tegens onse hoope, alweder geen
1977 4015 2313 4175 goets
1569 4327 1694 4473 L
