2989 4730
5 555 93 785 5
18 3480 127 3678 1.
19 155 152 325 2
2635 78 2842 209 203
2664 232 2884 367 283
197 304 2301 534 Den onder Copman Johan= vernard ige Ruse, aen
2297 460 2929 644 Johen Benhard de
178 503 2226 730 wien, met het opperhooftschap tot Trimquenemale
2296 629 2917 767 Ruke gevordert tot
81 666 2267 838 oock opgedragen zij, de qualiteijt van Coopman
2309 718 2902 891 Coopman met ƒ 50:
154 799 2306 1022 is goetgevonden toe te wegen, een belonnf van 50:
185 941 2298 1164 guldens ter maent om daer voor zijn lopend ver„
167 1140 2228 1311 bandt uijt te dienen; ende is oock verstaen dat
69 1221 203 1401 O
186 1239 2305 1463 alder ter plaetsen de qualiteijt van Luijtenant
156 1369 2353 1605 hoogh genoegh zal zijn, om de militie te comman„
72 1527 465 1674 deren
172 1731 2279 1966 de dispecitie op een heijde andere versoghte verbete„
2317 1684 2936 1970 Vrngse eberend
170 1881 2711 2091 ringen van duwaeren bescheijden onder het Ceijlonse J jstelt
188 1997 2326 2200 gouverneme, p hoetgewaden sijn te stellen tot de
173 2138 2195 2368 komste van het nieuwe eglement, dat uijt heet
148 2300 2258 2510 vaderland verwaght wort, ende ’t welck oock te
182 2428 2135 2589 verstaen zij jut reguardt vanden ondercoopman
185 2573 2260 2808 Aldert van schuijlenburgh, die tegens onse ordre
204 2700 2359 2962 is gevordert, tot Lusarans dessive de Iaffanapat
182 2857 2182 3098 namse wanuijs met 60 guldens ter maent en
200 2993 2348 3237 Coopmans tractement. gelijck mede den ondercoopman
211 3154 2374 3380 Cornelis schaets, die gevordent is tot eerste onder„
209 3286 2260 3461 coopman met 50: guldens ter maent, en Coopmans
196 3431 2293 3614 tractement wel zal mogen behouden de gemelte
203 3586 2388 3815 gagie maer geen hoger tractement, nogh qualiteijt
127 3699 1229 3922 als een ondercoopman.
2313 3895 2923 4073 onbequame die arin
191 3884 2329 4133 Wijders gelet zijnde op het versoeck vande H:r
2322 4029 3004 4245 te rlujk na der vaderlde
209 4083 2714 4296 gouverneur, ende den raadt hoedanigh te handelen te zenden
2104 4260 2330 4370 met
