2978 4638
39 -3 204 155 184
191 97 366 259 134
621 156 2620 440 veel te betruwen, maer altijtgen haer listen en
536 376 2661 563 bedrngerijen op zede te zijn, ende twelck oock wel
616 531 2720 708 voornamentljck zal moeten geschieden, omtrente
610 590 2757 827 die van Bantam, dewelcke eenige gearmeerde
3 740 539 915 alle questie met die
638 777 2695 909 vaertuijgen na de gemelte Oostcust van Iava, hebben
12 876 636 998 van Bantam de mijden
624 853 2769 1087 gehouden, en onder dese troubelen mede Iaer personagie
615 1024 2688 1239 soetcken tespelen, schuwende zoo veel als eenigsins
636 1135 2768 1349 mogelijck zij alle gelegentheden, die oorsaeck tot
630 1258 2618 1493 geschil en questie souden konnen geven, tom met
623 1391 2776 1596 deselve onse nabuiren in dese tijt jn geen onlusten
636 1506 2074 1727 en ver wijderingh te geraecken, t
693 1712 2611 1913 En is wijders goetgevonden, met de bovengemelte
24 1717 654 1948 Cooplieden, onder cooptied
30 1905 643 2004 en adsistenten na Javas
646 1868 2821 2079 schopen Japan, en Soestdijck afte zenden, om jnden treijn
12 1971 602 2113 oostcust te zenden.
640 1972 2784 2136 en daer het nodigh zal zijn gebruijckt te werden de
619 2102 2792 2256 Coplieden Jan de Harde, en Pieter Roortman mits„
652 2214 2846 2427 gaders de ondercooplieden Arent vuijck, allert lock„
641 2366 2675 2524 en samuel Marchants, benevens eenige bequame
626 2517 1141 2654 adsistenten.
933 2680 2319 2952 Nar de middagh.
1027 2874 2126 3110 ordinaire vergaderingh.
612 3120 2831 3370 De tijt op handen schietende om besendingh na de Cust
663 3308 2698 3491 van china te doen, ende van daer aftesaelen den
57 3400 566 3553 ditiberatien op de
629 3422 2785 3589 Coopman Iacob schagen, die met verscheyde andere
45 3524 581 3677 saecken van Chipk
596 3553 2830 3738 dienaren, en eenige Coopmanschappen, mitsgaders de
644 3697 2822 3851 hoecker boot de brandtgans, genootsaeckt is geworden
651 3812 2765 4048 tot Bocksieuw te moeten overblijven, genoegssaem
2484 3967 2654 4194 on
