3029 4716
158 83 340 237 242
292 171 562 340 242
666 244 2863 517 alle dries ziedert den 11:e maert jongdmact
2798 456 2911 527 „
643 490 2942 726 wanneer in deselve qualiteijten zijn opgetreden
678 611 1899 886 en gebruijckt geworden.
715 845 2713 1129 Ende dewijle bij geslutre van E: augusij prug
32 987 622 1196 Verbederingen op t
640 1004 2819 1305 leden zijn uijtgesteft eenige versoghte verbetdanigen
55 1132 547 1295 Eijlant Ceijlon
630 1183 2642 1429 van dienaeren bescheijden, onder het Ceijlende
632 1358 2653 1587 gouvernement tot de komste van het nieuwe
638 1535 2755 1758 regient uijt het vaderland ’t welck wij
632 1654 2884 1903 nu onlange ontfangen hebben, soo is godgevonden.
741 1939 2674 2267 Van Coopman Niltgert de heijde van Deijf
18 2070 603 2294 Rutgers de Heijde
49 2229 507 2367 Opper coopman
640 2147 2815 2432 Abministrateur tot Iaffanapatnam, dee tevoegen
512 2329 2778 2584 de qualiteijt van oppercoopman, met een belonings
640 2477 2798 2663 vian EE: guldens ter maent: als mede den pandeant
23 2588 534 2811 Nicolaer Agatha
644 2627 2806 2828 tot Wanaer, dierruex Ricolaes oosaa, van aantoerd:t
24 2759 428 2907 Fredicant.
622 2806 2642 3022 e gaan te perbevelen, van 100 10: gulden d
629 2958 2798 3160 ter maentrom daer voor nogh drie gaeden tediendn
22 3079 2804 3363 andere solliciraaten blijvende voor als nogh uijtgestelt ofte afgeslagen
31 3223 416 3406 uijtgestelt.
560 3278 2761 3471 den versoghte advaniemenen van den Colpian
604 3430 2910 3712 Chomas van Mhee, tweede perdoon en administrateur
603 3573 2649 3839 tot Nagapatnam. den ondercoopman en
594 3768 2748 3937 secretaris aldaer pieter van dutehoorn, van
589 3912 2607 4136 sonnevelt, ende den ondercoopman aldert van
2181 4111 2764 4362 schuijlenburgs
