2934 4683
101 183 215 312 18
1177 97 1730 480 December
515 455 2490 620 tgh 12000. bij de ouge 24000 : tot betelinge der naglen z: naer
726 567 1631 722 amboina tesinden - - - - .
498 652 1398 842 Jan 109 duijlinigen ttorent
508 667 2243 883 tonijs van of in amenna dae dag: as rolup 90. p. d aer:
2606 776 2752 920 195.
495 818 2094 989 Joanns buijseande ns als tgankbe ponx 24. gl
495 829 2307 1074 Josiabraconser Casser 2: van 24 onderlooman 40: gl: t Jag
2525 1003 2586 1084 „
511 941 2535 1182 eenieaend. ogeringen in Ambrina gedaen bedestelven affschaijven
339 1080 2255 1346 15d: den proha rivisland lijden wersanda geroepen
529 1229 1955 1384 en don Parolus manan na ternaten - - - - - -
541 1338 2134 1483 een aede predeken door bondn aesten ntstelt
575 1417 2303 1584 1Hrammanspeelmans horenolansz van Javas poole
785 1539 1748 1699 aen sijnE de defeveren . - - -
542 1551 1948 1818 deliventien op de Iongele oedrat deesman  2s
551 1732 2196 1911 nebert tecgaghten der thollen en Inkamsten deser sted
544 1811 2528 2039 d’H:r ontfangrten tijenmeester een vaderspecificalie met haare
937 1941 2084 2124 ensideratien met over te laden oestellen
530 2043 1901 2216 oen dan wijders daer op een last besluijtnemen
647 2127 2453 2331 niest van dem. manij om sijn beloffinge nat paria, en zijn
2538 2184 2688 2334 „4
809 2243 2285 2426 samielie uijtbanda te mogen gaen haalen . . . . .
428 2319 2426 2548 dat hen t voerstaen onder Consinatie van sijn vecripehense
806 2453 1774 2613 off stels tan van Eagie
2535 2509 2822 2612 „ 300.
568 2521 1769 2737 om dat hij ccuseert nae ternaten te gaen.
578 2605 2824 2837 den pagter der kooren moolen ae= pustelass in pagts quijt te schelden . „ —
591 2736 2401 2942 brieffebijd s: directeur neran, aen d h: aem. peelman
815 2855 2621 3028 geconcisieert paobeert, om met de angetapel pen . . „
2529 2970 2631 3050 „
608 2962 2124 3159 de fleuijt oodenbrock aengesegt hoop Cundr . . . .
2550 3038 2824 3182 „ 390
602 3095 2242 3249 bejagies wegenouvernemen van Ternaten - - -
2605 3146 2752 3276 „
633 3133 2623 3336 Salamattas zoon pancol van Ceder na Macassarte doen versoecken - - „
612 3285 2621 3440 de laden an romale en Lunstte in Comp.s bescherminge aen tenemen„
629 3360 2610 3575 te onderstaen omteijlant oplij van den Contuck van Aentchian
2337 3399 2862 3565 - . .. „ 802
881 3487 1921 3641 door de Comp:s in Eijgendan de becomen
537 3543 2573 3806 tot afflegginge des Lo: van ternaens snl, zijn ½ Vlagel Rcognire
889 3721 1504 3898 daerlijx mee houden
459 3822 1967 3975 — en hem oock jnvleseren an kalk de han debden
435 3943 2095 4075 — eenige timmeragien in ternaten oegest aen temaeken
2525 3983 2854 4137 „. 303:
462 4032 1668 4189 — 15. Militairen na ternaten aftesteeken
2565 4100 2809 4244 „ —
454 4157 1750 4334 Pieter dambaer bij provisie 2:e in ternaten
