2944 4693
-5 470 113 664 I:
2699 83 2819 213 41
2676 194 2765 313 4
134 200 2247 547 Den E: Dintateur genirael Macaat de e
170 460 2316 643 na gesen hebbende, de Tmaetse Nlegotie beecken
167 620 2288 833 van annoentsboost nu deaent gemaeckte
169 796 2948 976 geeden oppercoopman Willem van Correputdbesjnamen van wilm
2271 937 2870 1049 van Corriput telaten
168 945 2142 1142 zal:r jn zijleven gewelst zijnde becunde
2275 1011 2909 1139 betalen nogh 300 rp:ns
2264 1085 2827 1213 voor goederen op zijn
188 1037 2946 1320 peoon, en oock eenigen di provisioueel gesalf,  missaen jn Tunate
2262 1252 2764 1380 te kont gekomen
158 1204 2265 1396 hebber, aldaer op zijne administratie te kont
131 1368 2246 1622 was gekomen. 25 cesten rijs, en rd halden sout
103 1527 2385 1833 dewelcke door zijn E: wed: wel waeren wressent
146 1699 2151 1916 ende aen d’E Comp:e goetgedgen, dogh niet
146 1844 2285 2063 na haere waerde te dier plaetse te ween
68 2028 2310 2226 de rijs maer tot 20: en het zout tot 10: rp:s het
131 2173 2110 2403 last, zijnde niet meer als de prijs, waer
147 2304 2229 2551 voor deselve provisien zijn jn gekoght ende
127 2446 2351 2738 van siet jn paunk gepraght, waer op gedeliseneert
135 2650 2292 2880 zijnde is goegevonden, en verstaen, dat de voorn:
2247 2769 2346 2944 6
187 2808 581 2990 per
1006 2793 2305 3030 derent, tot dertigh rijl daed:
130 2972 2219 3169 ende het bout tegen vijffesieurp:r het last
117 3103 2268 3298 belopende te samen, bogent geene reets aen de
138 3258 2308 3451 Comp:e is goetgedaen, een somma van driehondert
2153 3456 2239 3597 e
126 3424 2200 3643 rijcxdaelders, die de Erffgenamen van gem:t
151 3577 2305 3800 E: Correput nogh sullen moeten uijtkeren
115 3711 980 3885 en voldoen.
1701 3955 1818 4077 Op
