2891 4722
424 -29 518 112 5.
2618 42 2761 155 151
2640 200 2787 327 151
79 272 2264 509 briefken, aen den H:r GGouverneur ende den Rraad
85 468 2219 594 van dat Eijlandt afte zenden, en haer EE: daer
102 621 2203 757 bij bekent te maecken, dat wij ons als nogh in allen
2268 597 2859 792 te pperoisoeren bijde
2258 738 2891 902 jangste ordre na Ceijlon
6 739 2247 897 delen blijven houden, aen sodanige ordres, ende bevelen
2258 858 2548 982 gegeven.
97 890 2218 1076 als jn onse jongste missive van dat 19:e meij p:r de
62 1003 2318 1150 fleuijt ’t huijs te bergen geschreven staen, uijtgedruckt;
19 1159 2195 1289 ende dat alhoewel de E: Heeren, seventhienen
81 1278 2271 1472 bij hun laeste generale missive van dato 21:' october
84 1383 2187 1614 1636: het bouwen van een fortresse op Tutucorijn
75 1528 2135 1748 hebben toegestaen wij ons even wel, om redenen daer
88 1665 2208 1891 toe zijnde, genootsaeckt vinden, het selve mede
99 1802 2125 2017 nogs voor eerst uijt te stellen, sulx dat behoudens
87 1941 2224 2085 het respect van welgem:e onse Heeren principalen)
5 2077 2230 2229 daer aen niet begonnen ofte bij de handt genomen zal
92 2220 2153 2408 mogen werden, sonder daer too tehebben, onse
89 2313 1424 2514 speciale last en nader ordre„
324 2510 2215 2770 Ende na dien, bij deselve haer Ho: Ed: generale
2283 2621 2873 2830 tegen de francen wel
97 2679 2227 2895 missive ons beright zij gedaen van de overkomste van
2289 2790 2796 2921 op hoedr te zijn.
89 2818 2213 3036 twee kloecke france oorlogs schepen, soo is mede goet„
101 2923 2204 3125 gevonden ordre na Ceijlon te geven, met alleen
102 3090 2323 3290 om daer tegen op hoede te zijn, maer oock om deselve
98 3196 2308 3395 vijandlijck, aente tasten, wanneer het met avantagie
96 3313 2053 3526 en genoegsame scheeps maght geschieden kan; en
98 3454 2258 3694 jngevalle tot rinme der gemelte france schepen
114 3588 2225 3816 ofte tot beschermingh van d’ onse die op de Custen
103 3722 2287 3951 van Jndien, tot den handel werden, geemploijeert
103 3855 2064 4084 eenige uijtsettinge van schepen, door ons moste
1677 4054 2090 4206 werden
1647 4394 1768 4526 2
