2971 4752
2 3236 135 3459 J
2675 81 2875 274 285
2603 197 2889 400 ƒ 285
14 238 2368 560 set insnten d deeve als meden den otfangs die
160 513 2300 674 uijtget op Wavassen nogenael ableeht retlaten
2666 533 2826 724 en
203 606 2987 862 verboden, ende aldaer jnte voeren onse Eijgen neder, en onse nederl. munt
2309 773 2871 904 daer in te vweren
219 748 2170 931 bandee mense dogh dat sjlver die onfanckbare
238 857 2207 1095 omdasen getmelten. en tet Clompen, ofte raeen
2268 940 2863 1150 man gete ng
217 1001 2872 1221 gempacke zinde wel sullen Jngekogtt ende na waerde bj de
2267 1184 2962 1329 Comp:s te laden Jnkopen
154 1129 2254 1421 : d: E Comp„:e aengenemen mogen werden, tot
238 1253 2149 1582 Ea H: rjxdaelders , de regel gwaerte van
207 1515 2142 1730 24: Carac ende dat van minder alleij naer
76 1601 724 1825 advenant
154 1800 521 2070 Deo
601 1831 2234 2071 zijnde dat aen eenige persouen op
2301 1863 2928 2093 de boven geoone gedant
2314 2041 2850 2176 Ver beteringen op
195 1990 2232 2224 Mlacassen, tegens het ordinaire gebruijck, ende
2323 2126 2870 2262 Macassar weder te
99 2097 2213 2337 de ordre van d’E Comp:e te veel verhogingh
2308 2210 2817 2361 laten afschrijven
197 2268 2276 2465 van gagie zij gegeven, soo is goetgevonden deselve
138 2395 2281 2592 weder jnte beecken, ende te laten afschrijven.
185 2534 2268 2821 Oock is goetgevonden de navolgende personen op
187 2725 2347 3009 haere overgesondede versoeck schriftien, in qualiteijt
192 2889 1533 3139 en gagie te versogen als volght
177 3098 2920 3384 Den ondercoopman Paulus de Docq, eecunde, Pankis de Bochals
2229 3302 2899 3429 Secunde op Macassar
188 3282 2934 3548 persoon tot Wlacasser tot Coopman, met 65: guldens Coopman 61: ge 3. Iaer
184 3438 2158 3596 tertmaent onder een verbandt van drie Iaeren.
103 3585 2221 3861 Adriaen van Daalen, ondercoopman met 140: tot
2284 3674 2819 3833 adriaen Van daalen
2294 3800 2838 3927 siscael op Macassar
123 3768 2301 3960 Coopman, met  guldens onder een drif Jarigh ver„
2297 3886 2870 4016 Coopman 60. al, dog
2288 3964 2808 4091 50. soolang hij dat
129 3881 2218 4164 batdt, mits dat voegeng de ordre van d E: Comp:e
2290 4055 2809 4187 ampt waerneemt
1915 4121 2166 4274 niet
1435 4349 1538 4471 a
