2925 4710
82 30 244 198 140
211 158 390 314 140
633 226 2784 491 bij te wognen wijders dat zijn E: is den persoon=
638 437 2778 646 van uijtstekende ervarentheijt jnde moorselanden,
644 574 2723 746 ende aenwien deselve jmportante directie niet vol„
626 698 2719 937 komen genustheijtt kan werden toebetrouwt, ende
574 872 2670 1060 is daer op met een parige stemmen goetgevonden
2660 924 2792 1033 —
634 1013 2811 1220 en verstaen, dat zijn E: voorde gem:te verklaringh en
629 1119 2750 1356 betoonde bereijdtwilligheijt ten dienste van d’ E Comp:
625 1278 2880 1519 hartelijck zal werden bedanckt hem met eenen versoght,
640 1440 2831 1618 om te willen aenveerden, de meer gem„e Bengaelse
640 1528 2686 1758 directie die hem bij desen wert aengeboden, en op„
629 1679 2737 1868 gedragen, Nla welck besluijt zijn E weder binnen
636 1790 2696 1998 geroepen, en hem sulx bekent gemaeckt zijnde, soo —
627 1920 2741 2145 heeft hij de vergaderingh, voor de ontfange eeren
639 2061 2733 2276 eerbiedigh bedanckt, mitsgaders de meergemelte
635 2171 2786 2442 Directie genegentlijck, aengenomen, ende is daer
648 2323 2271 2537 mede oock veel geluck gewenscht, t
653 2509 2669 2806 Batavia in’t Casteel datum als voren
1450 2736 2742 3031 1 Joan praetsuijker
1928 2947 2573 3238 van goens
1885 3180 2780 3385 anders Cit=
1809 3352 2673 3532 p. . Overtwaten
1926 3458 2647 3671 Constanen Lanst
1919 3603 2787 3890 PC er noeen
2094 3773 2788 4035 anoon
1972 4362 2700 4595 Van Campujs
2045 4519 2173 4653 ecred
