2959 4714
223 262 2419 483 pesechen mingaders op dE: Comp:e beleijdt off andere goede
233 446 2284 596 verseeckeringe uijtgesett werden, ende brieven daer van de
224 559 2323 727 maken, de deser stede weeskamer offt die van Heeren
232 630 2353 849 Goedelmeesteren bewaert, een minsten geregistreert moeten
208 757 2331 962 werden. op welck fundament  gunt voorsz: is, dagelijx
174 893 2340 1054 voor onlangs nogh vanden hoove van Hoeland. en nu vande
212 977 2331 1186 heeren sertaaten der selver provintie is gewoon versoght
208 1082 2352 1308 en togestaen te werden, sonder dat het selve tegende
204 1209 2362 1440 wille van den Testateur off wel met de reghten jnt alder„
156 1303 2300 1549 dminste komt te strijden, aengesien naer teseggen, van
203 1448 2265 1699 Crstient: in Consel: 269 per totum. Natta, consil, 479.
202 1563 2372 1817 n.5 en decian. consiu 65. n 16. vol 3. prokafito vindere
172 1725 2347 1947 alienare contractum, vel actum facere exquo alienatio
197 1911 2333 2036 scquipotser niut verbode is het selve goed met bever en
202 1988 2317 2168 weerdiger te versselen en vermangelen, met welck
246 2067 2221 2276 gevoesen deser Doctoren, oock tsamen stemmen, en over
197 2179 2179 2410 een komen. Abbas cons. 9712. 1b 85e99: 8 per totum
186 2300 2281 2560 Barthol, in P: renult Amstivato 2 bed. en addivasf
136 2451 2316 2682 de degat=o 3. Lasor canse 231. in pr- vol 2 8 badius post
191 2636 2315 2770 piures concordantis her eum Mtaton marza cons. 28.
189 2750 2345 2922 paap. d preediatus didian. cons 2r per totam. 8 cons. 32.
178 2844 2243 3110 nn 29: eptarttus begq: vol. 1 de quibus vide perr Ant.
128 2991 2178 3197 de patra de bededeommissis quast. 8 n. 525. 8 duobus
190 3113 2203 3311 1e99: wijs bedenen guod stebroghtum ariat naturam
191 3258 2282 3476 eus, in rujus lolum subragatier, en dat jndesen het gelie
196 3369 2380 3562 treckt aen de Rature, conditee, en verbandt, der verwisselde
174 3501 2276 3691 leedige Laven, en petacken per l. filia. 28. datta:
187 3607 2242 3838 p: de condit. D de monstaat L. quod debitori, 24. ff: de
173 3736 2245 3989 mort caus, donat E. Sicreditori 28. ff: de legat. 1. l1
2035 3932 2329 4084 3 heec
1416 4354 1533 4504 1
2631 48 2836 167 9.3
2665 182 2827 346 33
