3056 4797
84 131 245 359 1
115 3993 225 4142 I:
2287 32 2384 132 8
2811 75 2940 203 81
2786 228 2918 342 81
262 285 2187 527 verhuijt noge gode gevonden is voor Japanaeraelle
259 500 2274 667 en van her direckelijck derwaerts te zenden de
264 593 2982 819 schepen ’t wapen van tWiddelbungh, en Gegielandt de sheren 't wapen
2453 751 3003 875 van middelburgh en
2453 777 3054 924 schielands na Papan
260 744 2439 993 beijde seghte en kloecke bodems, ende dienvolgende
2458 882 2810 1019 aengeleght
281 883 2507 1130 niet alleen bequaem, om het geprojecteerde Cargasoen
264 1039 2515 1274 geerte voeren maer oock om weder van daer te brengen
255 1195 2521 1417 soo veel geraffineert staeff coper, als deselve begeul
256 1343 2310 1537 sullen konnen jnnemen, ende ons tot voldoeninge
256 1487 2431 1706 vande respective Eijsschen, desen jaere zal nodigh
223 1630 463 1844 F
235 1726 2396 2005 Js goetgevonden de Ionck Japare eenigen titt ver„
2418 1842 2959 2044 de Ionck Iapane
215 1922 2355 2147 leden van Iambij eftr aengekomen weder derwaerte
2426 1999 2961 2132 weder na Iambij te
2401 2084 2705 2231 zenden
265 2048 2299 2212 te zenden, sijnde alhier behoorlijck vertimment
246 2188 2289 2407 en alsoo bequaem gemaeckt, om aldaer jnt lossen
238 2313 2339 2558 en laaden der schepen nogh eenige Iaeren dienst
232 2472 977 2699 te konnen doen.
221 2622 2267 2909 Op het versoeck vanden ondercoopman Gerrit
2431 2715 3022 2933 Guijt Tor operhe
2415 2891 2996 3005 tot Tambij gevondent
250 2841 2374 3017 pots van Alckmaen, jegenwoordigh opperhooft over
2419 2961 2994 3086 tot Coopman met ƒ68
515 2955 2312 3189 b: nedoen tot Iambij om mits het eijndigen
2419 3024 2785 3155 ter maert
226 3079 2315 3340 van zijn enbouden eijt, verbeteringh van qualiteijt
234 3223 2366 3466 en gagie te egen genieten, is goefgevonden hem
246 3376 2426 3594 te avanceren tot Coopman, onder een Tractement
241 3522 2495 3737 van sestigh guldens der maent ende een verbandt
239 3661 2392 3881 van vijffagster een volgende saeren beijde heden aen„
236 3798 927 3967 vanck nemende.
1991 3951 2291 4158 Ins
