2972 4752
2626 109 2836 290 289
2609 284 2899 505 1289
139 268 2351 611 dat jndeterge waerde bedeenngs wder bentbjn
218 467 2381 699 en sodanigs na gemelte Dandan, geemploijeert mogst
209 636 2350 815 worden. waer op zijnde gedelibereert, en geoordeelt
146 726 2256 999 dat door zijn Eerwe wederkomstn aldaer om dien
199 854 2350 1118 H:r dienst waer te nemen, al vrij wat ontroeninge n
201 999 2340 1217 dergernisse onder die gemeente soude konnen worden
201 1133 2291 1341 veroorsaeckt, soo is den parigh goetgevonden, ende
194 1277 2289 1475 verstaen, het laeste deel van zijn E: versoeck
212 1394 2364 1647 allelaen, ende aengaende het eerste, hem verbepn
2329 1394 2889 1594 Hijvwert oeder
2345 1560 2882 1722 beroepelijck gestelt
194 1532 2851 1787 lijck te stellen na eene vande andere oosterse maer om Redenen
2278 1718 2863 1843 niet naer Btanda
532 1657 2232 1946 aen, omteldten de gemeijnte Peoi Chlisti„
2261 1812 2785 1929 maer na een der
224 1834 2922 2063 te bedienen, ende in qualiteijt van Predicant andre opt Rovintien
205 1933 1340 2153 de werden geemploijeert
197 2193 2301 2469 Den Coopman Rombour Leser, als nu bij geschriftende
182 2332 2272 2634 licentij versoeckende, om met de aenstaende laeste
2258 2330 2918 2560 den Copm Romsous
2297 2522 2886 2654 lason versoekt —
197 2514 2312 2745 retour schepen, deses zaijsoens te mogen repatrienen
2319 2621 2922 2740 Expeditie van sijn proces
2292 2699 2910 2837 en Liceditienaert patia
157 2628 2155 2835 en dat dan heeben eijnde, door den Achtbaren
544 2750 2195 3000 ea Indatie deses Casteels, nogh
172 2926 2290 3160 voor die tijt moghte werden afgedaen, de saeck
67 3030 2175 3278 die hem  laste geleght, en bij onse resolutie
179 3174 2285 3439 van den 12:en october jolgstleden in handen van den
186 3294 2207 3559 E:o fiscael van Jndia gegeven zij, soo is na
91 3419 2094 3700 deliberatie goetgevonden, den gemelden beser
2286 3548 2901 3763 de Psit de Rom„
156 3630 2865 3832 tot antwoort te geven dat den gemelten Achtbaren, manderen diesaack
11 3788 2881 3916 raad van Justitie, sal werden gerecommandeerde spoedigh aftedoen, en
2243 3910 2893 4045 dan op sijn verlieck te
71 3908 2624 4130 deselve zijn saack op het spoedigste bij de standt disponncren
1453 4393 1597 4541 4f
