2981 4758
138 57 303 198 166
2315 86 2616 261 ƒ 1½
281 146 456 306 166
648 230 2853 504 neten gijelik beknen te ellen on gedenen als.
678 446 2766 651 bij resolutie van 9:e deser staet aengehaelt, soo is gu
686 540 2770 766 bockt met eenen na deliberaie, ende met eenparige
664 686 2667 908 stejmen goetgevonden, weder tot advocaet fiocael
681 839 2569 1058 van Jndien te verkiesen, m:r qualter Leman
641 963 2721 1153 zijnde tegenwoordigh een Lits, inden aghbbaren raadt
620 1087 2632 1323 heen Justitie deses Casteels, een man aen wiens
697 1259 2694 1421 bequaen heijt geensins zij te twijffelen, ende vande
676 1370 2784 1576 welcke wij oock geen ander vertrouwen hebben dan
583 1490 2688 1681 dat hij met alle In vermoogen, zal voorstande, ende
657 1628 2784 1862 bevonderen het respet van d’E Comp:e, afhret voegende
625 1765 2618 1991 de Commissie, die na gebruijck op zijn E: ersoon
654 1895 1629 2075 zal wordenverleent
637 2037 2688 2320 dhatbijt fveh onderings den Dorger, wanijl
659 2206 2822 2448 Nauwendorph: versalende hoe dat hij eenige mlenden
672 2349 2655 2519 berleden tot Bantam hadde getraght ofte voor
31 2451 650 2623 MMandiel Wauwen Corph
667 2472 2674 2694 vndene wagr en verruijlt 20 â 22 lasten Cauwe, die
2647 2546 2757 2645 „
30 2580 631 2712 toegestaen hier jn te
664 2603 2815 2787 met een scheepje vanden sulthan aldaer uijt suratte waeren
47 2659 665 2787 voeren 20: â 22: lasten
38 2743 581 2872 terwe door hem tot
633 2756 2767 2915 aengeblaght, versoeckende als nu ficentie, om deselve
38 2826 598 2987 Bantam gekoght.
647 2880 2759 3030 Eerwe bunen dese stadt te mogen brengen, ende te ver„
649 3007 2716 3208 kopen, mitsbetalende de daer toestaede gereghtigheijt,
650 3174 2831 3308 waer op gedelibereert zijnde soo is goetgevonden nogh voor
642 3259 2841 3469 dese reijse het jnvoeren der gem:te tende, toe bestaen nadien
654 3375 2798 3545 het jnvoeren van sodanige graanen, noghnoijt en is ver„
609 3513 2013 3690 hindert op verboden geweest. t
661 3616 2881 3865 js getgevonden den ondercoopman Dalthazar Iinlopen.
1 3707 657 3884 „den ondercoopman Balt:
0 3824 2757 4019 Hnagpen ondercoopmanste emploijenen, als lecunde persoon van den Coopman
0 3924 2818 4105 na arracank gebruijde Jacob vander plancken, inde besendinge van Arraccan,
-4 3981 334 4117 als tweede
528 4086 2712 4247 Den om wijders aldaer het gesagh, ende de plaetse
2434 4216 2640 4341 van
