2950 4757
108 88 300 208 172
249 201 430 382 172
31 899 632 1062 de passe hem tot surattit
26 1019 577 1138 verleent weder in te
28 1103 330 1211 trecken.
30 2023 607 2200 sententien des doots
30 2184 579 2292 geapprobeert tegen
26 2510 528 2728 Tris van Piplj
62 3732 137 3945 5
-1 3987 590 4148 Item van Bornes.
2408 118 2473 198 s
668 277 2743 494 ednige andere surate waeren; waer zijnde
657 480 2703 630 gedelibereert ende aengemeeckt dat de gemelde
630 610 2609 755 passo, die allder melt van na atavia, de
646 710 2786 865 vertrecken, door het aenlopen, tot Banvan reetsz
665 857 2745 1032 al zij gepioleert, hoojs goetgevonden, en ver„
643 1032 2780 1218 daen, deselve passee in te houden, en het versoeck
644 1120 2795 1356 van gew:te Jacob van Wel ja't geheel afbellaert,
640 1309 2769 1475 waer doe te eer hebben konnen resolperen, om dat
641 1395 2707 1642 det: Eeuwe (waer van wij nu rijcklijck zijn versiene
642 1546 2725 1778 het bederven seer onderworpendes en ndtot wel
632 1674 2334 1905 niet, als den trijs kan de staade komen
656 1927 2764 2195 zijn bij den Elbrghm Aruijs vicepraeds
635 2177 2797 2309 vanden g: gereghte deser boede patavia Jngedient
626 2252 2778 2463 de onder genoemde riminele ocessen, namentljk
649 2436 2665 2679 teerste gejntenteert bij den —: Baljuw, Jacob
605 2625 2711 2835 Casembrolt op en jegens Toris van Diplij lijffeijgen
644 2749 2809 2930 vanden berger francois Penneman, oper waede begand
635 2887 2699 3104 moort jn gem:t sijn meesters huijs, engmede aen desselfs
623 3039 2740 3242 Lijffeijgen Ian van Dengale, met dreijgementen om
623 3152 2729 3382 selve zijn inbestresse te sullen, om ’t leven brengen
639 3294 2706 3505 waer over den gevangen is gecondemneert om van
631 3405 2785 3584 anderen op levendigh gerabraeckt te worden datter de
555 3543 2826 3761 doot na volght, wijders zijn doode zichaem op een radt
619 3670 2576 3835 geleght te worden ten proije vande vogelen
618 3842 2781 4110 het tweede gejntentert bed E Land droft tinchnit
603 4034 2613 4225 van Moock. op en jegens Itam, van Porneo
2281 4153 2547 4363 Loijis
2850 86 2913 189 14
