2926 4739
79 30 272 190 124.
150 151 323 300 124
648 273 751 397 1
646 216 2827 479 Sijnsdagh 15 Iunij A:o 1675.
666 617 2674 888 Nadien de Heer hendrick van Reeder tot
33 770 2681 1043 de A: Hordich om Pralensteijn, den 13:' Meijrjongstleden van
29 959 534 1065 rheede neemt zijn
653 988 2739 1182 allabaer hier aengekomen, bij onse Heeren
26 1039 605 1158 eerste sessie jn raade
29 1110 383 1236 van India
665 1117 2764 1322 meesters de gecommitteerde bewinthebberen ter
591 1290 661 1412 „
644 1238 2710 1451 deronderingh van 17:en is geadvanceert tot de
644 1386 2604 1617 aensienelijcke qualiteijt, van Extraopduaris
656 1570 2763 1769 Raadt van India, na Luijt van haer Ho: Ed:e
645 1700 2676 1938 generale missive van dato 21en october 1676. op
651 1833 2705 2060 heden met het schip den Bchulwen zulck, hier
668 2012 2794 2230 aengebraght, soo is gemelte zijn E: daer op jn dese
655 2157 2775 2364 vergaderingh geroepen, en na het afleggen vanden
650 2312 2797 2548 gebruijcklijcken Eet, tot de eerste sessie jn raade
645 2431 1723 2652 van Jndia geadmiteert,
675 2705 2754 2883 De huijsvrouw van den Dorger Weijndert Waas
-1 2691 602 2911 e en
33 2867 646 2995 borger meijndert mars
675 2794 2774 3040 verthoont hede bij geschrifte, jn Raade van India,
27 2935 590 3055 uijt de middelen van
34 3011 656 3140 haere kinderen eenigh
644 2978 2816 3177 hoe dat haegemelte man, nu al ses maenden van
34 3080 575 3212 onderhout de laten
33 3155 319 3271 genieten
641 3091 2774 3308 hier vertrocken geweest zijnde, haer niet versien
634 3249 2772 3447 hae gelaten van't gene tot onderboud van haer, en
650 3427 2820 3588 haere kinderen voor zoo langen tijt konde strecken,
553 3563 2791 3752 dat sij oock zedert haer mans vertreck nogh van
646 3691 2763 3884 twee kinderen verlost zijnde, nu met aght kinderen
624 3809 2771 4032 beladen was, versoeckende uijt de renten van het
620 3991 2695 4209 fidercommissaire Capitael, dat haere kinderen bij
2440 4192 2873 4325 gemaeckt.
288 4410 360 4612 1
