2914 4754
108 39 223 148 24
141 90 292 337 24
635 215 1928 482 prins van Mlatule, tot n
2090 239 2806 512 n vgs den
631 469 2675 618 miwanders goee ents nodigh, n neer onder
623 594 2682 813 de geven laende den Gedrnger, die pp po—
642 738 2661 904 lange voor gem:e prince hoeft in egeven, na de
634 867 2539 1093 cust vertrecken nderDane vande de
633 1049 2343 1253 weder  Ceijlon emogen bapen
621 1220 2488 1562 D: Llis die van Culj de bonne Experancg
625 1424 2776 1683 op Ceijlon, is aengebraght, ten bove, aen ragia singa
634 1572 2769 1821 op te zenden de wegen soot gevoegblijck geschieden
618 1724 2642 1988 kan, en sonder eenigh volck dat bijf waagen
637 1877 2710 2124 na dien op zijn tegenwoordige gille opde goede
625 2044 2318 2261 suijmen niet veel staat te maecken is
593 2282 2781 2563 Tegen de Engeloen, Eener: en aldre chinoftse
627 2492 2768 2708 vlatien, onse vrunden zijnde en die geende plaetsen
635 2643 2695 2826 inde bogst van Endecorden s moghten ondertien
630 2800 2763 3016 te handelen, geen seipdelijckheden, te vlegen maer
575 2961 2748 3138 deselve met alle boleefde protestatien, vrundelijcke
626 3089 2704 3300 persuasien, en voorwendinge van 5 Cont regat
622 3285 2649 3465 van Possessie afte bijsen, gebruijckende den dien
637 3405 2686 3614 ejnde in alles de namen den Landeheeren, alsoude
580 3612 2701 3798 daerom aendeselve al wat uijt geschoten
622 3731 1976 3924 ofte vereert moeten werden-
