2972 4782
176 60 269 235 79
274 156 384 304 74
33 403 702 654 Peroere dJage sal het
42 597 671 712 Eijlandt Iava moeten
57 696 365 811 rujnen
10 2162 672 2397 de ede e de 1e en
10 2374 668 2492 te wenden te defereren
5 2446 671 2624 aen d’ E H:r Cornnelis speelma
784 434 878 594 E
1918 447 2656 618 e dat mogen aa
885 578 2464 804 en goe bij oeniggecontrartat ijtrd
1143 697 2559 942 angen gedelet det ope den sij
998 847 2822 1030 „ maer diss met zijn Ejlandt Madma
664 999 2703 1228 moeren de velelet herden onder zedanisen Eonde
686 1128 2644 1383 ende verseckeringh als gem: de E: beiere
705 1279 2642 1518 pichman opt hem zal komen te accordiren
682 1420 2725 1662 iden pngen ale puix heer en konde elagieee
614 1559 2785 1798 door den wegh van een redelijck accommedemen
620 1743 2495 1945 dat als don den helpen en het maer eenig
660 1831 2671 2102 in Comp:s ver mogen zal wesen, met perselijx
681 2004 2665 2242 mapenen sale megen werden aentese alle
656 2188 2619 2403 twelcke bij desen gedeserert ende meesen
676 2290 2702 2549 overgegeven woog aentrijs oordeel van sweer
678 2484 2808 2661 gem: ld:e speelman, ende den Rdaagt: zolende
653 2554 2894 2807 ser ous moeten gedroofden, indien de gaaghensch.
659 2703 2688 2951 godt de heer genadelijck wal verhoeden aen
651 2826 2817 3089 verkeerden uijtslagh quame te nenenodent
655 2978 2664 3233 bekent zij dat de wisselpalligheijt des oorlagt
648 3106 2682 3364 sulx mede prenght en wij geen redenen hebpen
646 3253 2758 3501 eenigsints te twijfferen, aen zijn EE: dapperheijs
648 3394 2510 3648 ervorentseijt, ende voorsightigh beheijdte
676 3627 2792 3890 Jn plaetse vanden Coopman Ioannes Geooelman,
579 3831 2809 4065 sele wij bij de jongst door gaende resolutie verhogen
2266 4026 2619 4170 hebben
