2988 4708
118 49 214 176 92
185 157 350 319 92
553 275 2692 435 Extratin conseeren bij heeren oedelmoteren jn desen
589 434 2703 599 genomen te zijn als wel ende te reght daer bij geresoeveerte
626 538 2592 709 zijnde, behoorden te werden geapprobeert, dan niet:
597 642 2643 825 Blackt, onder Eorrecke aengaende d’eerste vmaage, dat
606 853 2581 981 het Testament vanden soorn: Coniock, als volgend de
587 913 2652 1063 generale regeen, en statuten doon meede gemaeckt.
629 1054 2623 1220 pagepalle als nogh ne geapprobeert sonder mogen zijn
610 1192 2803 1319 voor goet en van waerde behoort gebent tewerden, als wannee
613 1275 2740 1455 tselve oock in alle zijne pancten, en deelen aghter volgs:
623 1380 2740 1559 en specialijck meede het fideicommis naer forme, en jnsouden
631 1487 2647 1680 van den voorsz: Celsamente, bij hem Testateurg tot op den
2631 1680 2695 1742 „
565 1620 2644 1786 derden fraat van zijn kinds. kinderen gemaeckt en jn
611 1716 2652 1887 gestelt stant moet grijte dan Jngesien de voorsz: sidel
627 1811 2788 1981 commissaire goederen, in sonnige ledige erven, en ten meenee„
600 1927 2772 2092 dele in pelacken, alnvoorsz: is, bestaen, daer vande laede
626 2033 2732 2163 erven, tot ontcieringe vande stade sonder hjets te renderen
607 2156 2794 2326 dnbetummert blijven leggen, en somige pesacken alrede
624 2257 2687 2441 gebeel bouwvalligs, en d’andere metter sij oock staen te
624 2358 2613 2537 veronderen, daer doer het voorszij Capibae in tijt, en
627 2469 2670 2654 wijse mercklijck staet te declineren, en afpeneapen; soo
622 2638 2755 2756 soude om't selve soo veel mogelijck te verloeden, en voor pel
622 2747 2578 2879 komen, sulx bij haer Hoogh: Ed:s alsier goetgevonden
621 2841 2713 3022 werdende, ten faveure vande sider commissaive Eaffgenamen
615 2943 2820 3108 en derselver exepectanten, de voorsz: leedige Erven en petacken
616 3061 2638 3273 alvorens bij haer Hoogh Ed:s van den last dig verbandes
609 3195 2751 3396 ontslaagen wesende, bij publijcke venditie voor vrije, en
612 3318 2771 3473 ondelaste goederen, aende meestbiedende wel inen verkoght
613 3440 2755 3581 en bijde Copers van dien voor sodanige aengevaert werden
2722 3577 2784 3712 —
519 3550 2729 3689 des dat de penningen daer van te procederen, soude oeten
609 3650 2691 3825 zijn en blijven van sodanige en gelijcke nature met fider:
2610 3799 2657 3917 —
616 3767 2624 3893 commit beswaert als waeren de voorsz: leedige erven en
2411 3872 2763 4019 petacken
