2988 4771
2624 98 2819 254 313
2662 226 2860 393 313
144 339 2464 571 Waons dagt 29:e december A:o 11:
2331 335 2486 494 7
152 663 2273 977 zijn in derooderingh net aende oot asessen ende
2276 815 2928 1015 op diweate Ingediere
174 942 2934 1139 de exomneert de requesten de eenige daagen Requesten van gelede
2335 1062 2854 1216 be der Iagters
178 1049 2240 1288 voorleden door verscheijde paghters jngedient bij
2278 1163 2701 1327 deser Iaers
170 1193 2167 1392 dewelcke sij tekennen geven haere veledene
173 1312 2286 1478 schaade door de nogh contauerende oorlopen, en
177 1439 2125 1644 verwerringen op de bostcust van die Eijhand
165 1569 2269 1779 Japaen dat dienvoegende omaghtigh waeren
741 1697 2182 1895 ende beloofde pagstpenningen te
159 1851 2335 2016 voldoen; versoeckende, dat haer inde selve geledene
180 1972 2319 2141 nade was te geindergekomen, ende een gunstigen
181 2102 2376 2261 afslags ver bunt hnogsde worden, waer op gehoort zijnde
166 2196 2503 2364 het advijs vanden E: ontfanger generaelswille van
292 2340 2365 2490 usthooens ende den Lecetsmeester ocker ockerst
176 2443 2325 2618 beijde als nutdt dien eijnde in vergaderingh genoeen
71 2547 2161 2715 „zijnde, soo is eenparigflijck goetgeonden ende
2371 2559 2926 2790 nenige hrgser
154 2654 2261 2857 verstaek eenige van deselve pagsters, namentlijck
78 2795 2268 2942 die vande waegh hetsaghten van dee, ende de
172 2913 2225 3099 kleede basaer hj versoeck in't geheel apeslaen
166 3036 2233 3165 als geoordeelt werdende op geene goede redenen
155 3135 2303 3327 gesondeert te zijn, dogh dat aende andere paghters
170 3245 2291 3451 welckens geledene schaade jnderdaet waer, en
183 3371 2318 3574 gevolgelijck hind versoeck redelijck bevonden zij de
190 3509 2293 3654 navolgende penningen tot afslagt vergant, en quijt
206 3618 1749 3790 gescholden sullen worden,  te wetens
191 3823 2976 3968 de pagster van de jnkomende rijs twee maende vachtpenningen dook die van d’aenkomen
203 3921 2309 4043 zijnde . . . . . . . . . . . . . . . . . . . . . . . . . . . . . . . . . . . . . . . . . . . . p„s.r 2208.
2335 3928 2976 4033 Rijs. en zuijkeren; Iam
2330 4004 2970 4110 ’t Handelen aende schapen
91 4004 2098 4120 de paghter van de jncomende suijcker jnsgelycks 2 maenden - . . „
2078 4018 2321 4167 600:
2301 4096 2931 4182 als de vaert molenpliet
199 4108 2090 4248 de paghter vant handelen aende schepen en aenkomende vaer„
2319 4155 3001 4261 ende Rivier anches, zameen
188 4172 985 4317 tuijgen een somma van.
966 4182 1297 4283 t
1891 4184 2043 4281 22
2023 4163 2313 4316 „ 1100:
2320 4215 2956 4348 4080. RE. aen affslag
178 4261 2058 4367 zijnde de geledene schade der bovenstande drie paghters
2329 4308 2576 4431 verleent
195 4360 2051 4473 veroorsaeckt door de oorlogen, en beroerten op Javaes oost
196 4436 372 4567 cust
2376 4474 2506 4558 des
1271 4479 1411 4646 29
1544 4453 2480 4683 Transpornaej 3948: x:
