2951 4710
2714 -4 2887 182 141
2706 191 2819 338 1277
48 52 2527 487 Saterdagh 3' Julij Ao16
913 470 1985 712 Patraard: Vergaderingh
376 709 2293 1001 Heer onverwaght is ons heden met het fluijt„
184 901 2316 1114 schip ijsselsteijn van Malacca, schrijven toegekomen,
2337 908 2880 1124 tijdingh vanden op
175 1026 2286 1245 gedateert 30 meij jongstleden, meldende hoe de
2330 1083 2881 1207 standt eeniger vol„
2318 1158 2794 1294 keren, omtrent
172 1208 2317 1371 MMannicabers, van Kannings, Rombouw, en Cou
2327 1244 2644 1375 Malacca
167 1323 2303 1510 oudjongh, hun te samen gevoeght, ende een Coningh
174 1428 2280 1615 afkomstigh vande Manincaberse vorsten, op het
179 1556 2317 1758 Eijlandt sumatra, over haer verkoren hebbende
178 1682 2131 1906 soo stout en vermetel waeren geworden, datse
169 1827 2275 2009 hadden dorven bestaen, met een getal van 3700: —
166 1960 2263 2129 koppen, op de noorder voorstadt. van Malacca
161 2094 2411 2323 een aenval te doen, mitsgaders de Landen, en Chuijnen
115 2244 2314 2457 daer bij en omtrent gelegen, soo onveijl te houdenn
51 2370 2369 2559 dat den Heer Gouvern:r Galthazar Bort, ende
164 2502 2308 2702 den Raad, genootsaeckt waeren geworden, op het
95 2595 2321 2858 alder spoedigste, ende bij provisie, tot hun desenen
173 2754 2395 2969 van hier te eijsschen, hondert en vijfftigh, nederlantse
206 2908 2361 3072 soldaten, welck getal, haer EE: oock versoecken
181 3027 2294 3254 dat tot op seshondert magh werden vergroott, om
196 3178 2251 3344 die stonte vijanden selve aente tasten, ende is t
84 3302 2395 3507 doenlijck te verdelgen; waer op serieuslijck zijnde
91 3471 2293 3669 gedelibereert, ende geconsidereert. dat uijt het
2350 3575 2964 3747 de geprojecteerde 400
196 3625 2278 3807 tegenwoordige serwacke guarnisoen alhier, geen
2350 3691 2850 3819 militairen voor
178 3710 2943 3903 meer volck en kan worden gemist soo is een paerb: Iavas oostcust 13
2357 3863 2848 4016 te verminderen
173 3848 2402 4049 verstaen, de vindert militairen bij resolutie vanden
200 3980 2313 4209 25: dersjngst verleden maent voor de Oostcust
2019 4197 2243 4298 van
