2910 4710
152 39 290 204 38
168 186 314 319 38
970 145 2839 490 Erijdagh 19: februarij A:o 187
1071 390 1834 628 w.
657 542 2822 757 op de bekentaldingh van gecommitteerde uijt den
32 623 642 786 Gecommitteerde gestelt
7 732 660 876 Tom de reek: der Diaconen
664 725 2789 948 kercken raad alhier, dat de iatouea volkonten:
29 809 391 920 op be nemen
607 861 2873 1136 gereet zijn, om aenstaende woonsdagh na middagh.
597 1015 2797 1204 den 24e deder jnde Nederlantse kercke te doen
661 1164 2792 1328 publijcke; Reeckeningh van haere administratie
666 1266 2649 1498 over de middelen der anmen, soo is uijt dese
614 1401 2762 1663 der aderlige versoght, de E h:r pieter van hoorn
655 1568 2639 1791 zijnde Commissaris jn gemelte kercken raadt
674 1703 2685 1885 onme benevens den oppercoopman deses Casteels
201 1852 586 2035 to
671 1836 2786 2054 hum Dieelandt den Doeckhouder generael
647 2013 2785 2227 Oinder vertange, als mee twee heden, uijt den
658 2172 2769 2372 Aghtharen van van Iustitie, ende gelijck geval
606 2340 2631 2572 ijt het derwaerde Collegie van schepenen
634 2524 2845 2751 bijde rspective prasidenten daer toe te committeren
609 2619 2781 2861 de gemelte reeckeningh bij te woonen mitsgaders
571 2805 2712 2999 deselve op ’t eijndigen te pluijten, en dan wijders
633 2976 2618 3212 na gewonte aen dese vergaderingh te doen
705 3133 1454 3336 ooijn rappt.
915 3343 2785 3617 „ndicg keeijen, aen wien bij Contract
637 3561 2661 3784 van lovember jongstleden, overgedragen en
640 3728 2636 3879 aenbevolen is, de besorgingh, der medicamenten
620 3846 2724 4036 voor het hospitael, alsier, mitsgaders oock de
2286 4036 2611 4209 geene
