2959 4722
107 45 270 214 194
2651 142 2726 278 5
216 173 369 363 19
704 259 2750 510 ontfangen de gehoorsaemheijt der jnwoondere
626 448 2728 712 vande mende, Attekallangh, en Naudon Corlesen
499 628 2683 869 daer in wert geoordeelt niet voorsightigs, maer vij
747 769 942 872 „4 3
645 766 2623 1017 wat, voorbarigh gehandelt te zijn, na dien geseijde
628 927 2757 1151 handen de Comp:e geen voordeel toe brengen, ende
625 1075 2616 1298 wij deselve ock iet nitigs goe met goet reght
639 1225 2706 1452 Jn bezitt konnen houden: Ende dewijle de Ed:
629 1389 2698 1658 heeren onse principalen, jjt vaderlandt mede voor
641 1555 2778 1823 best en dienstighft aghten, ons te blijven houden aende
637 1718 2726 1900 boort der zee rontom het gemelte Eijlandt
639 1866 2750 2119 Ceijlon, en wij het oock seer nodigh aghten, dat van
641 2031 2791 2211 onse zijde werden geleght de gronden= een vaste
640 2177 2764 2429 ende bestendige vreede met gem:te Ragia Singa„
637 2334 2925 2494 om daer door te verminderen het groot gedal militaire
641 2486 2777 2710 en gevolghlijck de soo swaer druckende lasten die
635 2645 2809 2850 d’ E: Comp:e aldaer nu soo veele jaeren gedragen
19 2807 600 2958 Ons niet verder uijt te
629 2829 2834 3022 heeft, soo is goetgevonden, ende vast gestelt, niet
16 2903 652 3032 breijden off meer landen
19 2989 614 3151 jn besit te nemen.
644 2964 2811 3169 alleen geen meer handen, jn bezitt te nemen, ende
613 3115 2850 3319 ons niet verder uijt de breijden maet daer en boven
627 3264 2824 3492 gem:te Ragia Singa. genereuslijck aen tebieden
630 3428 2860 3634 en oock wanneer hij tot den ontfangh ijmandt van
626 3609 2810 3850 qualiteijt afzend:) effectivelijck weder te geven en
6 3648 629 3787 en de geene die jnden Iare
-1 3734 628 3864 1665 jn besit genomen
3 3830 639 3954 zijn aen ragia singa:
644 3701 2863 3974 jn handen, te stellen, alle sodanige boven lhanden ende h
-7 3893 505 4010 aen te bieden en
-6 3887 2775 4121 nder re gne provintien als door ons jnden Jaere 1665: beslagen
2383 4123 2613 4270 ende
2812 247 2860 426 t
