2979 4746
143 50 342 200 106
174 100 425 321 ƒ106
649 209 2725 490 welcken lacst genoemden op morgen na dat de oude
559 411 2783 632 den edt van purge sullen hebben afgeleght onder
599 537 2795 738 den gewoneljcken Eidt jn dese raad- Comen sal
639 659 2045 887 werden aengenomen en bevespigh
548 837 2873 1058 Met perticuliere Inlands vaertuijgh heben hier aen„
566 988 2889 1157 gebraght zijnde tijdinge hoe dat den heer admirael
61 1017 657 1253 Pntbage den be ginpe
645 1102 2856 1273 en Deld. Overste Cornelis spectman, tegen den rebelligen
50 1207 651 1324 jnde respective kurcken
66 1280 593 1380 te laven doen over de
579 1243 2850 1423 prince Croene diaja. tot en omtrent sourebaija, een
77 1363 585 1432 Victorie door de H:r
79 1431 671 1552 speelman tegen broende
673 1372 2844 1550 gewenschte Dictorie hadde bevoghten, en denselven dap
77 1484 580 1619 d’ jaja bevoghten.
649 1472 2874 1701 zijn exstigheijt op de vlugst gedreven, soois goetgevonden
575 1622 2821 1798 de Eerw: predicanten, die op overoagen den kercen
672 1743 2836 1872 dienst sullen bekleden, te versoecken datse willen
600 1856 2909 2013 gedaghtigh zijn benevens de veroiedingh van Batavia
663 1985 2842 2128 oock voor de gem:e Dictorie hode de Heere eleven
691 2124 2881 2310 ende te dancken, als een zaecke zjnde daar dederaads
678 2238 2859 2436 oock jue bijsonder aengelegen zij; sullende vorders
674 2372 2782 2539 tot een teken van vreugde en blijdschap des avendes
685 2541 2814 2711 na 'd gebede te Canonschoten soo van Casteel ls
673 2629 2801 2807 eenige vande voornaemmeee srado puncen miegaders
643 2773 2260 2979 de buijen forressen werden gedaen
635 2899 2664 3183 Baravia et Casveel datum ais Voren
1712 3173 2824 3363 marnv Raetsuijker
1907 3307 2612 3526 Dan goenb:
1860 3453 2594 3718 Tt n
1882 3624 2928 3852 p.  Gdarwate
1987 3800 2774 3987 Constantin Runst
1987 3920 2924 4165 Heertirlooen
2221 4067 2670 4334 Mantas
2098 4395 2879 4606 Jantomphuijs
2065 4525 2426 4713 Secret
