2949 4748
348 190 2391 532 ijnsdagh 16: fbruarij Ao 1687.
-1 542 2212 847 2 hn over te voeren het geene nogh op de Eijsschen
171 753 2188 973 van Amboina, en Banda, komt te mancqueren
104 872 2124 1121 ende van hier sal konnen worden voldaen, is na
117 1018 2190 1284 deliberatie goet gevonden te gebruijcken het fleuijt
157 1169 2276 1437 schip swarteluijs, mitsgaders de Iaghten siata
160 1317 2215 1497 ende Outshoorn, welcke twee eerst genoemde oock
142 1454 2219 1640 sullen jn houden, ende mede voeren hun gebeele rijs
150 1595 2279 1813 last diese tot siam ingenomen, en enlangs hier aen
127 1745 2285 1961 gebraght hebben, uijtgesondert dat uijt Dannata. 40—
145 1904 2178 2100 lasten voor Ternaten, sullen werden gelight: sulx
150 2023 2174 2210 swartsluijs sal in houden 225 lasten voor Amboina
134 2149 2161 2298 en dannata 260: lasten voor Banda; sullende
145 2287 2257 2484 Ontshoorn, met de retterende goederen en behoeften,
135 2406 2056 2659 voor beiyde de gemelte provintien afgeladen
141 2565 2256 2800 zijnde, eerst zijne reijse nemen op Amboina, ende
128 2752 2199 2948 na ontlossinge vant geene te dier plaetse moet
143 2894 2208 3058 werden overgelevert, voorts na Banda, om
128 3036 1247 3284 aldaer jusgelijcx te doen.
68 3222 2223 3494 Wijders is goetgevonden nogh voor Ternaten
144 3427 2294 3655 aente leggen, ende besoeven andere nootwendigheden
149 3604 2242 3826 met de boven gemelte 40. lasten rijs te doen.
150 3737 2319 3958 afladen, het fleuijtje de vliegende swaen, ’t welck
2029 3918 2262 4104 tot
2638 76 2772 166 35
2632 192 2748 346 35
2289 1020 2871 1242 schepen voor amboina
2285 1193 2888 1341 en Banda aengeleijt
2294 3311 2853 3546 Sten ve Toe
