2940 4713
-2 4187 95 4305 1:
30 83 80 190 8
2647 54 2818 200 1:91
2738 195 2842 342 91
121 283 2263 562 niet en konnen getvonden van onse gehouletie
172 530 2285 663 resolutie om met verre jnt landt te trecken te
166 670 2261 931 altereren gelijck het mede bij ’t selve brieffje
162 811 2261 1092 gemelte —: Heer Cornelis speelman
2302 902 2792 1038 de H:r Adminael
2285 974 2845 1126 Cornelis Speelman
167 995 2283 1248 als zijnde een hidt van dese vergaderingh
2308 1079 2915 1218 Jn sijn schure te geven
2299 1171 2893 1297 om herwaerts op te
188 1149 2265 1389 in zijn believen gestelt, ende keure gegeven,
2313 1246 2803 1393 mogen komen.
155 1307 2256 1586 wort om (aldaer een bequaem persoon jn zijn
166 1512 2352 1711 plaetse gestelt hebbende herwaerts aen te komen
164 1621 2257 1913 soo haeft het selve na zijn E: eijgen, oordeel
156 1817 2241 2048 sal konnen geschieden, latende Iapare, als
159 2001 2194 2247 een post daer d’ E: Comp: aengelngen zij
2241 2040 2847 2200 Iapare vast makende.
2255 2169 2815 2294 en beset houdende.
152 2179 2304 2385 met de minste kosten vast maken, ende bewaren,
151 2351 2180 2509 gelijck mjde, voor een tijt aldaer overblijven
156 2488 2354 2712 eenige jaghten, ende andere vaertuijgen, mitsgaders
147 2664 2318 2913 soo veel krijgsluijden, als zijn E: zal oordelen
122 2840 1683 3061 nodigh en dienstigh te zullen zijn.
165 3066 2130 3296 Uijt het jongste schrijven met de Chaloup de
2257 3134 2929 3409 de Chacoip de Neptiunhe
149 3234 2221 3492 Reptinms van Sumatrus Westcust. ontfangen
2269 3339 2842 3490 voor de W: Cust van
2264 3429 2882 3586 Sumatra aengeleijt
102 3438 2240 3613 gesien zijnde dat het wercken jnde gout mijne
157 3590 2233 3750 tot sillida. eerlangh soude moeten stilstaen
33 3687 2232 3930 door gebreck van vierkant staeffijser, tot het
162 3865 2246 4038 maecken van jnbrekers, soo is goetgevonden,
57 4038 2293 4195 deselve Chaloup, met het geeijschte ijser werck
401 4245 581 4354 8 „
1837 4171 2274 4392 weder
1275 4334 1411 4451 P=o
