2931 4744
99 259 1990 514 mede te bottidere de voogenodige midnagie
26 599 2191 817 De gegagieerde mlaners over het geheele Eijlandt
55 786 2215 975 Ceijlon de verminderen, soo veel als de die vande
76 943 2082 1123 Comp: eenigsens zal wille eijden, en dat ons reden
15 1084 2240 1295 gegeven werde vande nogsaecklijckheijt, vanden dient.
30 1161 2162 1419 per gener die aengehouden zullen werden, en aen„
6 1315 1888 1551 wijsinge wat plaetsen datse dienst doen.
53 1607 2212 1793 te appioberen en voor dienstigs achtedien de voorslags,
79 1744 2178 1963 vanden Heere gouverneur Rijckloft van Goens.
63 1934 2198 2060 de n, ende den raa namentlijck om Ceijlon,
69 2047 2173 2241 vooraen te versien van soo veel Gengaelse rijs:
45 2156 2231 2358 die gemeenlijck seer geeecoop te bekomen zij:) dat daer
75 2335 2242 2551 van Iaerlijcx 260. â 300. lasten voor ½ rx:s de arra.
79 2499 2222 2703 tot Colombo, konde werden verkoght, en also den
73 2592 2183 2779 duren jncoop van Canarasen rijs, voor een goud
52 2758 2164 3009 gedeele op doock wel jnt geseel geexculeert
63 2901 2175 3127 mits dat door zijn E: selve tot dien eiynde soo veel
69 3066 2149 3257 scheeps ruijm werde gebruijckt, als de bij en
76 3202 2254 3426 gelegentheijt sal willen toe laten zijnde een saack
72 3387 2135 3581 die al mede bij goodsucces, sal strecken tot
31 3528 2215 3760 vermindering vande lasten op het selve Eijlandt
1699 3709 1845 3899 In’t
1076 4292 1220 4417 P
2683 77 2774 195 19
2616 246 2754 433 19
