2967 4752
2724 -63 2895 120 1 3
2476 -63 2577 122 do
79 103 273 272 284
285 164 474 370 284
2118 298 2818 531 overdernaigt van
638 298 1972 534 bevelen en te recommanderen
683 490 2754 691 Rreede ende eendraght tusschen de gemelte twee
642 596 2789 812 soo magsein vontgenoteen ende dat sandar den Ee
22 698 620 907 en sonde Salaar te
680 756 2408 967 Palacca, voor te misnoegen den gewme
22 873 654 997 misnoegen, gem: Radja
45 949 579 1056 Tamparang alle
670 904 2827 1150 Comparants sn alle bllickheijt reget ende ganitadtie
31 1022 627 1152 billijcke Patisfactie
35 1121 311 1258 te geven
642 1058 2816 1298 werde gedaen; zijnde den laelt gem: Comparangen
623 1210 2612 1418 een dapper buijghdan allijt getante heboende de
688 1364 2742 1590 Comp:e gevrouw en toegedaen te zijn, en die wij
802 1511 2760 1733 dewightige redenen, met geene soude sien dat
23 1655 2797 1817 om datmen dien trouwe van gemelte Palacta. wierde kleer greckt
28 1782 626 1913 man niet geerne sou
435 1874 498 1997 —
21 1859 458 1985 sien Verdencken
643 1821 2769 2038 ende verdruckt alsoo bij voorvallende gelagentheijdet
633 1940 2852 2175 d’ E Comp: van zijn versoon en vermoen, soude konnen
583 2096 2792 2277 worden gedient; gelijck dan oock goetgewonden,
11 2236 642 2403 En ook eens te onderne„
649 2221 2707 2447 is eens te ondersaen off op desselfs herwaerts
16 2358 644 2445 „men om hem met 2. â
21 2434 577 2563 300. van sijn volck
643 2357 2746 2605 komste met dâ 300: van zijne zaten staet
2 2515 649 2639 herwaerts te lasen Conmen
650 2498 2797 2714 soude mogen werden gemeeckt indien wij moghten
623 2659 2736 2897 resolveren hem van Wlacasserste otbieden, ende
638 2796 2839 2986 op de oostecust van Jada. oppereelders de gebruijcken
652 2955 2700 3166 en off dan sodanige fonthodje, en overkomste sonder
641 3096 2712 3319 konnen geschieden sonder in gemelte Palacca„ te
0 3055 612 3328 sotsonder Palaaa
-2 3291 632 3422 aenstoot te geven kan
639 3245 2762 3470 veroorsaecken eenigen Lngswaen, ofte hem te
-18 3368 399 3555 geschieden
621 3392 2205 3615 geven bijsondere redenen van aenstoot
606 3657 2701 3894 Om voor te komen het bedrogh ende de valsheijt
-6 3700 578 3915 om't bedrogh der
-10 3869 543 3984 maasen den ontfangh
574 3818 2735 4040 onder de Macassaerse maasen shuijlende is
2 3951 523 4070 en uijtgift van dier op
-5 4020 589 4178 macassar te verbieden
632 3962 2707 4159 na deliberatie goetgevonden ende verstaen
2344 4173 2540 4322 het
