2962 4736
2688 14 2945 199 J
2712 151 2827 300 11
491 354 616 544 14
593 142 2315 555 sdrgh 26 Januarij Ao 1672.
166 626 2287 832 Op de bekenemaekingh door de oppercooplieden des
167 819 2304 1021 Casteels heden jn Raade van India gedaen, dat op de
167 968 2152 1170 ladinge van het flouijtschip  huijstte tegen den
221 1117 2313 1322 4 deser van Ceijlon hier aengebonen Doe baalen
2272 1166 2944 1434 rlalen Cuijli de bedng
129 1284 2184 1474 Caneel minder zijn bevonden, als de over gekogene
2275 1353 2866 1494 van shuijs de bergen te
2271 1446 2956 1580 kort gekomen de schuippern
155 1434 2262 1632 factiura, ende het Cognoissement, in hout, is na deliberatie
2283 1539 2925 1713 en Boeckhouder op reeck
2263 1613 2687 1752 be stellen.
165 1586 2297 1809 gootgevonden den schipper Claashaajes, en den Boeck
108 1742 2215 1978 houder Paulus Dos daer voor, ingelijcke portie, op
156 1920 2239 2112 reeckeningh te doen belaten. te weten ijder lb
172 2051 2210 2284 tot twee guldens, sullende alsoo de 160 lb die de
152 2191 2332 2441 gem:t baalen hebben moeten wegen belopen, een somme
154 2350 2187 2606 van 20., mits dat zijlieden haer guarant op
167 2595 2298 2764 sefijlon mogen oecken sodanigh als te raade
168 2727 915 2895 sullen weden —
169 2941 2263 3200 Alsoo den becretaris deser Dergaderinge Ioan van
163 3106 2975 3311 Riebeeck op 18. deser, is overleden, waer mede Lmes kiluijstetoren
2269 3274 2972 3468 tot Pittahuis dieer vagelde
146 3271 2291 3523 die plaets komt te vaceren, en waer toe den E Joan
71 3486 2244 3665 Camphuijs, zijn dienst heeft gepresenteert, soo heeft
174 3614 2225 3837 de heer Gouverneur generael geproponeert.
1850 3857 2032 3967 om
1124 4117 1250 4288 2
