2914 4754
34 19 162 240 26
129 117 320 280 26
2373 56 2437 161 s
2421 164 2689 422 van
575 216 2267 466 e vesielen e enstellen tot tweede heen
584 413 2668 617 Ceijlense gouvernemen om het selve wij nflijveheijt
585 560 2599 778 van den E:e pijerneur bot onse nane ondrieec
583 712 2685 876 waer de nemen ende debledesullende en
593 872 2541 1061 bij het leven van gem:e heer gouvern:r in voorn:
577 982 2603 1253 zijn Commandement, blijven ende van daer t
588 1156 2776 1391 menighmael werden over gerwepen als zoo belangs
585 1342 2594 1574 van saecken, en ’s Comp:s dienst zal konen de
592 1502 1182 1722 ver eijsschen.
589 1588 2763 1871 het wellen van een persoon tot pesident inden agtbbaren
580 1811 2757 1997 raad van Iasite tat Colombo. wanneer den degenwoor„
541 1961 2634 2220 digen den E: dorephaes vosch, sal verfrocken zijn
571 2070 2748 2368 de desereren, aenden gouvern: en den raad aldaer
530 2290 2586 2574 De Leden vanden silven raade van dipbite
581 2512 2735 2713 tot vervalg van hunne Extraendinaire ongelden
619 2674 2718 2905 Jaerlijcx de laeten genieten 40. swaere off 50.
588 2836 2647 3002 sighte realen, onder deenaem van mandeligele
603 3065 2710 3321 te approberen de aenneming van zeendert esonte,
605 3258 2779 3472 tot Daendrigh met 40uldens der maent, als mede
502 3408 2763 3647 dat de Personen van francois Roosderman, Robeert
531 3538 2745 3790 de vassij, Pieter van Rossen, en anthonij Wloijaert,
607 3736 2075 3959 tot onder cooplieden zijn gevondert,
2416 4101 2513 4188 de
