3007 4770
19 4400 183 4698 1:1
60 3752 152 3975 1
2707 80 2845 172 55
2645 215 2831 392 55
533 141 2315 510 Wrijlagh 1n Matar N 107
832 493 1032 667 0
213 579 2417 839 jder dager sidens biele van vergn:
161 803 2298 1021 op zoem versoghd zijnde dat hem met zijn samilie
2339 759 2985 1000 Snder Gebeen borge
2315 957 2983 1064 toegestaen na Maurituu
182 976 2243 1143 mogdte werden vergne op ’s Comp:s schup na
2308 1027 2735 1159 te vertrecken
304 1129 2325 1327 Eijlande tlaulitins te mogen vextrecken
2300 1201 2373 1325 —
184 1268 2257 1478 om sigh aldaer te vrneven, zoo is goet gevonden
188 1395 2328 1660 hem sulx te accorderen, ende dat bestaen, zouder
119 1542 2366 1831 dats door de besalen eengste gole oft Copgelt
169 1780 2272 2068 ope schuftelijck versoeck vanden oeckhouder
2342 1905 2946 2117 Jmob Chroer Maijman
200 1968 2890 2212 Jacob Eem Bajman, om vermits vij expiratie, snine sn op
2355 2137 2956 2236 mauribuis tot onder
2351 2203 2956 2360 coopman gevondert
1192 2193 2342 2374 n, de bedieningh van becunde
157 2167 881 2354 en dat in als 20
165 2311 2272 2555 pertben op het Eijlandt wlauritius heeft waer-
193 2471 2222 2667 genomen te maen gemeden, verhoginge van
187 2625 2266 2870 qualiteijt en gane, is goeegevonden, en verstaen
2248 2730 2295 2813 —
160 2783 2293 3038 hem de verbeveren tot ondercoopman, met een
152 2958 2338 3193 Tractement van veertigh guldens ter maent ende
186 3132 2402 3391 een verbande van drie Iaeren, beijde leden jngaende
2702 3353 2891 3481 _o
532 3390 3001 3696 Reegngehierder generale becredangen, sons ede met
113 3417 363 3638 a
2345 3593 2967 3707 Secretarije 200 rp:s boe. —
187 3600 2841 3842 bescheijden in goeevenden, op zjn versoeck volgense gevaltt tot en
2257 3728 2673 3903 Grevereeringd
181 3776 2394 3976 Jaerljcks gebk over en ter saacke van Extraond:
1915 3943 2345 4167 diensten.
1365 4314 1435 4563 3
