2976 4754
125 53 305 235 210
160 170 388 283 210
822 137 2739 536 Vrijdagh 27:e Augustij A:o 1672
653 653 2816 927 Zijde vergaderingh gehet ende overslagh gemaeckt
36 745 615 995 V Taas hene bie
684 840 2637 1065 zijnde vande personen die jn consideratie konnen
44 944 669 1065 Commandeur op Sumatraa
659 966 2780 1199 komen tot het gouvernement van Malaca, ende
40 1026 670 1133 WestCust verkoren tot
56 1103 710 1264 Gouverneur van Malqua.
665 1125 2665 1296 om daer in te vervangen, de H:r ext:r raadt van
670 1247 2620 1482 Jndia Balthazar Port, de welcke na luijt
657 1405 2816 1576 vande ordre der Ed:e Heeren 17: bij missive van
661 1550 2685 1780 21: October 1676. uijtgedruckt, herwaerts aen
655 1705 2762 1919 zal moeten komen, om alhier de hoge regeringh
674 1843 2899 2073 bij te wonenen; ende daer aen te blijven geattacheert
662 2005 2818 2230 soo is na serieuse deliberatie, goetgevonden daer toe
667 2143 2812 2347 te nomineren en te verkiesen den E: Iacob Jorissz pits
667 2291 2788 2523 althans Commandeur op de westcust van Sumatra
657 2438 2745 2676 zijnde een versoon van vereijschte gequaemseijt, die
662 2572 2860 2797 oock voor desen weele Iaeren tot Malacca, is gebruijckt
646 2735 2797 2973 ende ons door gaens, in zijn dienst genoegen gegeven
633 2889 2698 3066 heeft, jn wiens plaetse dan weder goetgevonden is
656 3012 2760 3244 tot Commandeur op gemelte sumatras Westcust
669 3179 2767 3323 te gebruijcken, den oppercoopman Welchior hundt
40 3174 657 3362 ende den oppercoopman
27 3306 601 3452 Melchior Hurds, tot
716 3300 2647 3460 genwoordigh secunde van dat Commandement, en
17 3395 664 3530 Commandeur op gemelte
659 3425 2703 3656 jusgelijcks een bequaem persoon, aende welcke die
35 3487 349 3656 West Cust.
586 3579 2701 3783 bedieningh, met gerustheijt kan werden toebetrout
639 3685 2833 3874 sullende op ’t vertreck van gemelte E: Jacob pits:
658 3851 2806 4076 na herwaert jn desselfs plaetse optreden, en van die
2694 3978 2798 4050 zent
665 3996 2810 4161 tijt aff oock geneten, een tractement van 130: guld:
662 4123 1188 4324 ter maent.
2477 4289 2690 4417 den
