2933 4736
158 60 335 234 302
350 154 599 292 302
929 282 2944 505 k is goegevonden te onderstaee off dan Coninck.
23 359 650 585 te onder saen omt
56 502 2930 656 Eeijlan dubij vanden dan Paschian, niet benegen, en soude zijn de konnen
53 612 2902 812 den:s ven Bats=a gemaeckt wanden: om aen dE orb:r de vereeren
38 731 477 855 an de Compt
47 723 2878 947 em ekcomen offe teschencken den Eijlandt dubij want welcke
643 927 2768 1119 hij dogh als zijnde van geen menseen oewond
624 1034 2799 1245 geen nad en kont te brecken, mit daer voorijas
618 1176 2782 1408 genierende eennge verhoingh van zijn ende
664 1332 2769 1556 nagel recognitie sd een door dat middel voor s
683 1453 2721 1647 te komen, alle geslten, ende de dewijsen Eee
656 1629 2767 1786 reghte van d’E: Comp: tegen de eene die na
2350 1754 2777 1970 ordien
628 1762 1652 1989 desen ver aehe Eijden
659 1926 1529 2114 bewitt te neme
726 2095 2190 2393 in ia verigen nte kngen en
2390 2095 2896 2378 gmindaen
650 2288 2758 2536 tgene den ock wntehopen, aend gonf
659 2494 2831 2665 een aghteren staet belopende al een werckljcke
19 2477 684 2687 En afleginge dat b:
676 2629 2759 2815 somme geasboors pier alleen densgs geaght
11 2635 671 2758 van timateus schuld
21 2719 686 2861 sijn ½ nagel secagnitie
708 2738 2766 2952 jaerlijck  de helhaven sijn sagel ecognieie
22 2811 634 2972 Iaealijx in te houden
625 2901 2779 3094 jn te houden, maer dat hem oock de vdant werde
14 2941 673 3165 en kemopk in't levende
654 3004 2790 3216 geboden jnde leverantie van Galck; om de welcken
27 3123 605 3254 Van Kalck de Stant
656 3141 2795 3313 den mitte van d’E Comp:e te verbruijcken ma
609 3232 2865 3513 deliberatie goetgevonden is toe testaen, dat aldaer
25 3387 672 3585 Cange Timmergien
649 3417 2835 3637 eenige nodige timmeragien sullen mogen werden
10 3544 625 3674 in kinatin toegestaen
11 3621 391 3732 te macken
601 3555 2793 3768 gedaen, namentlijck het bouwen van een â twee
646 3699 2814 3938 woonsuijsen de voor gestelde vergrotinge vande
655 3838 2809 4032 puns Gilolo &:a mits dat geen meer metselwerck
633 4000 2744 4232 bij de handt werde genomen als zal konnen
2395 4142 2747 4317 werden
