3007 4776
66 4563 111 4646 „
2720 46 2881 209 247.
2665 194 2858 331 24
201 287 2426 540 op het versoeck vanden Coopman Ian van oopterwijck
2351 503 2482 607 den
2490 428 2900 656 Copman Ana
183 523 2279 687 om uijt de anstaende reteur schepen na het
2357 604 2967 724 van Oosterwijck na
2366 693 2837 818 het Vaderlant
184 656 2361 833 vaderlandt te mogen vertrecken, zijnde tot de
2373 781 2807 911 gelicentreert
199 817 2337 983 eijnde met onse licentie uijt Bengale op gekomen
214 953 2337 1191 js na deliberatie goetgevonden, hem sulcx te
221 1129 2457 1344 accorderen, ende toeste staen, mits alporent stellende
193 1266 2250 1501 Iufficante borge ter somme van . ƒ.15950:11.
203 1444 2165 1657 guldens, ofte . 11898¼: ropien de welcke
205 1597 2311 1812 eenige jnlandtoe Cooplieden. jn Bengale van
132 1796 2147 1993 d’E: Comp:e hebben jngehouden ofte onbetaelt
217 1922 2252 2128 gelaten, onder voer geven dat zijn voorsaet jn
180 2093 2139 2265 Emplijck den Coopman Pieter Hoffmeester
217 2192 2256 2427 in zijn leven secunde persoon tot Ouglij, aen haer
199 2379 2359 2564 zoo veel ten agsteren, ende schuldigh gebleven soude
192 2556 396 2720 zijn
357 2722 2248 2941 staet jn vergaderingh binnen den Coopman
2320 2749 2960 3002 Bdiaen van Lier
127 2884 2344 3041 Addiaen van hier, den 8:e deser verkoren, tot secunde
2355 2955 2831 3091 gevordert tot
2357 3058 2972 3185 oppercoopman met
199 3049 2300 3244 persoon van Mallabaer versoeckende versogingh
2347 3137 2950 3289 ƒ 80: ter maent.
210 3168 2311 3386 van qualiteijt, en gagie vernudo zijn verbonden tijt
200 3313 2303 3496 al voor lange zij geexpireert, waer op gedelibereert
188 3458 2179 3701 zijnde, soo is goetgevonden hem toe tevoegen de
210 3620 2303 3846 qualiteijt van oppercoopman met 80: guldens ter
226 3784 2338 3993 maent onder een verbandt van drie aghter een„
226 3953 1014 4160 volgende Jaeren.
1904 4040 2176 4268 aen
1655 4402 1740 4596 5
