3026 4797
2699 77 2886 245 9
2743 222 2856 356 „
370 569 2437 767 opperhoofden van ’t schip de vrijseijt versoght hebbende
122 665 2976 895 ond de meden eemeen davbeld vleumd van gedand: omadsj: mit
2349 843 2943 970 schip de vlijheijt de
205 854 2374 1016 pee geoineten uijt het vadertandt zoo is goetge:
2351 929 3005 1076 volle Piemie toegeligt
191 977 2261 1171 vonden haer derlvepoete leggen, als zijnde d
195 1091 2198 1316 1: Julij 1676 voor reeckeningh vande Camer
200 1249 2320 1436 Onckhuijsen in zee gelopen, ende hier aengelande
207 1317 2283 1547 16 feb:r pongstleden: belopende geven maenden mit
187 1463 2324 1652 ewel dagen daer onder gerekent 21 dagen de zij
193 1601 2350 1738 miet leggen aen Calo de bonne Esperance hebben
124 1691 856 1863 door geblaght
189 1838 2536 2058 huij twee verheldelijcke verklaringen van den Equipaijen
186 2004 2300 2208 meesser Jacobgens, den meeeter Timmerman op het
180 2127 2431 2341 Eijlandt ourust. en eenige gecommitteerde schiupers
187 2236 2344 2443 gesien zjnde de gavi sleghte gestaate van het jaght
2385 2199 2968 2433 „sigte de Pauieen
2356 2378 2989 2512 de soecker de Hengelag
149 2352 2273 2545 des pauw, ende den Boeckerhoot den Een gelaer, en
2358 2446 2877 2565 afte leggen en te-
2339 2527 2712 2677 verkopen.
164 2469 2348 2704 datoe beijde met waerdigh en zijn, om eenige onkoppen
169 2614 2238 2752 van reparatie mheer aente doen, soo is verstaen dat
184 2717 2353 2906 we ontakede afgeleeht, en aende meestbiedende
174 2815 1368 3005 verkooht sullen werden
135 2981 2299 3272 Basana nt Casteet dattim it Supra
1476 3249 2358 3480 Gain Rhaetsuiyker
1590 3410 2285 3640 Lan goens
1580 3654 2332 3851 sauront Pit
1530 3816 2384 3988 p.vertwate
1542 3913 2305 4161 Conranten Bans,
1646 4010 2413 4303 de Junter ban toten
1413 4345 1508 4471 3
1714 4259 2382 4535 Purihoen
1711 4435 2369 4688 Van Caaphugs
1697 4608 1852 4757 Jen
