3026 4706
1026 -172 1107 35 „
37 406 178 526 „ „
229 299 2003 554 toevloeije en te dekomen waten aa
33 646 248 861 74
180 661 2095 930 Deni de schaersheijt van Capitael
194 851 2304 1066 jn Dengale is goet gevonden te ordonijeren
89 1023 2277 1239 dat aldaer geen doecken ofte Lijwaten, voort
205 1171 2245 1424 vaderlandt sullen werden jngekoght dan
123 1348 2286 1586 de geene die jongst een Cent winst hebben
212 1513 2211 1714 gerendeert ende dat oock aldaer geen gelt
199 1688 2378 1904 omog worden besterte dan in deughvaem goed
181 1821 2287 2061 ’t welcke met het vereijschte voordeel spoedigh
204 2032 2242 2207 sal konnen worden gegenificeert, en welcke
126 2152 2324 2364 one mede versta is, dat na Cormandel, zal
223 2290 2285 2519 werden gegeven, met bijvoeginge om den eijsch
220 2477 2198 2666 uijt verscheijde quartieren van India, voor die
211 2566 2291 2822 vandBader qniets te presireren s onder eghver
1196 2761 1893 2972 st teligsten.
92 2746 433 2981 de
265 2955 2375 3128 Ende nadien, ons nogh jongst van Cormandel
204 3090 2408 3301 buijten eijsch zijn toegekomen, een groote quantiteijt
226 3218 2384 3445 Mouris voor't vaderlandt de welcke aldaer niet
221 3372 2275 3570 meer als 47¾ p:s C:o winst hebben gerendeert
221 3505 2386 3764 soo is goetgevonden, en verstaen, daer van de reden
221 3679 2324 3896 te eijsschen ende ons misnoegen, over te boonen
227 3803 2262 3996 met dattige waerschouwinge van aldaer
194 3963 2294 4172 geen andere doecken te Contracteren, veel
2046 4195 2287 4311 min
1518 4341 1731 4511 J
2595 59 2793 249 231
2657 215 2867 345 231.
2390 805 2968 1037 geen leeden aldaer
2348 988 2993 1167 voor het Vaderlands
2368 1076 2928 1215 jnte kopen dan die
2355 1158 2986 1353 een cent winst hebben
2356 1245 2726 1408 behaelt
2343 2108 2950 2312 den Eijck voor Indie
2330 2274 2827 2438 te prefcueren.
2402 3115 2938 3323 geen kleeden aente
2399 3293 2940 3402 nemen ofte over de
2376 3307 2999 3507 sonden dan die geeijsete
2382 3463 2596 3599 Zijn.
