2976 4755
-2 517 128 684 85
2 3767 109 3919 „
16 4528 129 4697 2.
2609 70 2787 160 213
2635 194 2853 340 213
189 318 2342 558 sullen uijt getrocken werden, rekenende drie ropias
2323 432 2854 626 Reeckeninghijnde
203 512 2200 712 voor een pagood Tibbekij, en 3¼ ropien voor een
2318 489 2989 711 negorie boeeken te houden
2321 674 2693 808 met kopias
205 663 2277 900 pagood Iannegrij, gelijck deselve op Bingurla
202 808 2325 1028 gewaerdeert zijn, ende oock volgens t rapport
198 949 2189 1188 van de H:r Commissaris Volger. vaste coups
2157 964 2303 1196 8
198 1137 2349 1351 hebben: ende dat oock deselve ropien gelijck als
2363 1222 2908 1375 tot 28 stuijvers het
198 1342 2951 1483 jn suratte sullen worden gerekent tot 28 stuxpdrs stuck als jn suratta
230 1393 2372 1600 het stuck, om met die directie jut geheel accoord
206 1567 2296 1790 tegaenende alle suspitie van trande voorte
188 1729 574 1930 komen
101 1899 2330 2187 —dat de goude pagoden ende silvere ropien op haere
2323 2026 2926 2244 de goude Lagoden en
203 2094 2292 2340 reghte waerde sullen moeten werden gehouden
2334 2205 2936 2340 silvere kopias op haer
2330 2293 2868 2419 reghte waerde te-
204 2251 2309 2442 ende jndien het gebeurt, dat de julantse Cooplieden
2444 2384 2661 2537 en.
106 2404 2331 2639 de gem:e pagoden jn prijs, soecken te verminderen
201 2580 2258 2768 ende deffanums te doen opslaen warmeerkomen te
197 2703 2343 2927 bemercken dat de EComp:e de laest genoemde spetie
88 2788 205 2966 6
151 2850 2320 3015 tot dageljckse uijtgist nodigh heeft, ende niet ont„
210 2974 2300 3170 beren kan, dat als dan een beginsel zal moeden
200 3098 2289 3323 werden gemaeckt om selpe voor d E: Comp: famuis
219 3240 2263 3452 te munten, op dat alsoo de gemelte Cooplieden jn
201 3414 2286 3565 haere listen gestuijt, mitsgaders de eerst genoemde
75 3550 2310 3738 goude en silvere spetien, op haer waerde gehouden
210 3639 2149 3883 mogen werden, welck poijct, als zijnde van
2114 3722 2190 3856 —
214 3787 2346 4004 belangs zal worden gerecommandeert wel en na
212 3978 1143 4141 behoren te behartigen.
259 4098 2510 4316 Dat de Wallabaerse zuijder stranden van Cranganoor
489 4285 659 4421 5 „
2202 4293 2353 4459 aff
2274 4426 2376 4562 V.
1315 4410 1453 4572 35
