2907 4707
33 -2 236 171 126
148 131 339 302 126
728 201 871 451 1
747 243 2828 497 Lijns: dagh 22 Junij Ao 165.
8 603 635 766 nieuwmiddelburyk na
635 631 2801 833 Om de Jngetamelde peper op sumatras Nestcust, alte
3 727 553 876 Sumatras WestCust
17 794 378 911 te zenden.
608 747 2827 945 haelen, is goetgevonden te gebruijcken het schip Vlieu:
634 901 2738 1118 middelburgh, met het welcke oock verstaen is der„
9 1032 2753 1208 en daer mede 50: militairwaerts te zenden 50 militairen, om te vervullen
632 1167 2818 1359 het getale vande overledene, ende der gene die door
645 1321 2833 1517 seckte herwaerts aengesonden, ende opgekomen zijn..
644 1484 2870 1701 Op het versoeck vande opperhoofden van't schip simatra
14 1557 672 1763 de Opperhoofden van het
22 1704 582 1836 schip: Sumatia de
575 1656 2841 1879 om te mogen genieten, de ordinaire preie voor gedaene
16 1792 614 1911 halve Premis toege„
638 1796 2780 2016 spoedige voijagie uijt het vaderlande, is goetgevonden haer
29 1870 256 2006 voeght.
636 1954 2726 2095 toe te leggen, de premie van een sevenmaendige reijse,
654 2086 2819 2258 als zijnde den 29:e september a:o 1616: voor Reeckening
654 2199 2796 2355 vande Camer amsterdam uijt Texel jn zee gelopen —
652 2309 2787 2537 en 12.e Mlaij innattleden hier ter rheede gearriveert
618 2486 2811 2738 door de bupten egenten van het Lazarmshuijs verthoort
653 2703 2811 2867 zijnde, hoedat Dj zdert Iunij 1676 tot Iunij 1637 waeren
59 2656 619 2860 Confiscatien te laten
82 2803 608 2896 komen ten behoeve
661 2797 2850 2990 ten aghteren geraeckt, een somma van 102/3 rx:s die nogh
67 2856 655 2990 dan heet latarushuijs
628 2935 2851 3120 soude zijn geklennen op 1475 rx:n jndien zij niet en haddem
1345 3079 1396 3150 d
1396 3103 1446 3164 as
630 3054 2819 3257 genoten 1312¼ p: uijt de confiscatien, somtijts bijden
647 3167 2798 3350 Agttb: aad en ustitie deses Casteels vallende, ende dat
646 3352 2727 3504 dewijle bij resolutie van 13 Iunij 1676, deselve jnkomsten
653 3474 2771 3641 waeren afgeschaft, en tot de diaconije waeren overgebraght
649 3561 2784 3763 mitsgaders dat het getal van sodanige Ellendige siecken als
197 3654 385 3906 P
683 3714 2838 3897 ant gemelte Lazarushuijs, ondersouden moeten werden, nogh
656 3881 2842 4017 dagelijcks quam te vermeerderen, sij Regenten genootsaeckt
622 3971 2892 4151 soude werden van het Capitael bij de Comp:e op Intrest staende.
624 4103 2873 4304 successive, een mercklijcke somme te lighten, jndien sij nut
2277 4256 2675 4459 weder
