2983 4770
2625 50 2794 206 299
2641 211 2738 308 2
122 293 2314 500 en hadre genomen aldois bij deke vengaderingh een,
70 491 2208 673 parighlijck goefgevonden en vestaen, hun met de
35 639 2203 825 daesoontig, en da oordeel vanen boven gemelte
137 773 2244 936 raade ie geheel teconfirmeren, en gevoegeljck
138 910 2190 1135 oock met de herwaes kos. en den selven
246 1041 2262 1239 3: Heeren Cornelis peelman, voorngemt jnden
148 1180 2012 1402 zijn E selve sulcks komt goet te vinden
114 1350 2312 1614 Der vonderingh ins zeere Eengen tij herwaerde
154 1479 2895 1725 haere gedaghten hebbende laten gaen op verscheijde Dilitrakien op
2351 1652 2931 1797 de Iongsie gedres der
79 1644 2347 1888 ordres van onse hdeeren princpalen uijtgedruckt
2354 1739 2889 1904 Heeren meesters
160 1794 2360 2005 bij hder H: Ed:e pugsde missive van dato 21' octob:r
66 1944 2335 2161 ende het daer nedens gehouden regement gedateert
162 2098 2294 2315 h derselven maende beijde des voorleden Jaers=
157 2210 2319 2425 1676: Herft nu oock wirder bij de handt genomen
2295 2329 2935 2525 En overt verpaghten der
121 2398 2210 2573 de saegh nepene verjaghtingh der Chollen
2189 2466 2920 2619 thollen, en inkomsten
2356 2562 2654 2713 deser soede
1268 2536 2359 2748 Comp:s gebiedt, specialijck
171 2664 2316 2886 aelker tot Batavia, en tot dien eijnde nage„
154 2816 2257 3038 sien, een specificatie, der uijtgaende, ende in
182 2957 2292 3160 komende waeren en Coopmanschaen, door den
190 3080 2320 3281 E: ontfanger generael ende Picentmeester Ocker
190 3259 2400 3440 ockersz op gestelt met aenwijsingh hoedanigh sodanige
177 3390 2229 3598 jn en uijt te voeren goederen verdeelt, en alsoo
39 3514 2352 3765 gevoenslijfk verpaght souden konnen worden, waer
52 3657 2402 3897 g dan wijders gedelibereert zijnde soo is goetgevonden
2328 3778 2878 3959 d’ H:o ontfanger en
35 3834 2204 4045 ende verstaen, door gemelte E: ontfanger en
2324 3917 2935 4057 ligentmuster een nader
165 3951 2940 4113 Licentmeetter, nogs bij deselve specificatie te laten isscificatie met saare
2340 4091 2953 4215 Consideratien daer over
183 4097 2320 4264 uijtdrucken hoeveel, dat van sodanige goederen soo
2302 4169 2940 4336 te laten opstellen
2173 4284 2379 4392 voor
1538 4469 1631 4613 2
