2975 4743
2714 23 2873 185 249
2696 159 2912 357 219
34 14 2437 493 J: reijlagh 8: Sepvember A:o 1677.
2621 558 2806 742 2
169 710 2387 970 do het verkiesen van den E: degbert de Dicgtot.
184 876 2254 1092 gouverneur van Amboiaa, weder vacant geworden
177 1021 2289 1249 zijnde de bedieningh van visitateur generael waer toe
184 1157 2247 1344 onder anderen zijn dienst oock heeft aengeboden, den E:
2315 1249 2967 1439 d E: Leeter vertangen
181 1277 2295 1523 Pieter Dertangen, jegenwoordigh Boeckhouder generael
2301 1382 2953 1521 boeckhouder generail
180 1417 2298 1661 soo heeft de vergaderingh geoordeelt, dat die twee bedie„
2316 1483 2957 1592 daer benevens oock te
2320 1566 2869 1690 laten bekieden de„
168 1555 2325 1785 ningen als groote gemeenschap, net malkander hebbende
2337 1657 2932 1782 plaets van virstateur
88 1682 2359 1930 .wel weder geliuck voor desen, tesamen gevoeght, ende door
2351 1745 2727 1919 Generail
177 1812 2379 2017 een bequaem persoon sullen konnen worden waer genomen
34 1944 2270 2177 Cende is dienvolgende na deliberatie goetgevonden
96 2099 2394 2302 daer toe te verkiesen den E: Pieter vertangen, bovengem:
185 2244 2325 2437 een man zijnde die d’ E Comp:e veelejaeren, ende jn ver„
167 2377 2035 2577 scheijde qualiteijten tot genoegen heeft gedient.
151 2508 2364 2749 Den ondercoopman trancois van schinnen, als nu versoekende
2397 2553 2959 2787 francois van schuirer
177 2682 2895 2869 met zijn familier na Amboina te mogen vertrecken, om aldaer ondercoopman in
169 2808 2956 2928 bij voorvallende gelegentheijt te werden gemploijeert soo is Amboina t' emplageren
175 2961 2298 3095 goetgevonden hem sulcx te accorderen en toe te staen.
179 3096 2296 3273 Aer Amelings eijdeman Constabel Wajoor alhier is op
2312 3119 2893 3336 den Conttabel maijon
161 3254 2329 3398 zijn versoeck, en expiratie van tijt goetgevonden toe te
2307 3271 2920 3426 Amelingh. Weijdeman
178 3355 2931 3476 wegen, een tractements van hondert guldens ter maent en 100 gulden ter maent
2290 3465 2942 3611 ende rangh paest de
72 3450 1840 3653 derangs, naest aen de militaire Capitains.
2288 3549 2940 3717 Capitains toegevoeght
95 3598 2225 3843 Batavia jn’t Casteel datum als boven
1522 3825 2422 4047 Jvan Raetsuijker
51 3828 759 4030 V Mnte kanst
128 3983 800 4084 Except de consunctie
72 4005 941 4149 van de diensten van dersitatr
1713 3990 2516 4220 van goens
166 4119 801 4250 enbonkhouder generael
1502 4132 2367 4308 Lauvert Pit
294 4212 901 4429 P n Aesn
1491 4285 2532 4475 p. A. Herwater
251 4378 672 4515 Aavihioen
1432 4469 1527 4583 55
319 4478 634 4664 Aee
641 4585 720 4661 „ _
349 4612 711 4719 Aaan Camphujs
