2967 4761
73 78 269 282 270
151 237 444 418 270
677 119 2815 573 Vrijdagh 3:e december A:o1671.
1187 565 1313 699 1:1
903 492 1042 749 1
644 745 2898 1010 heeft de H:r gouverneur generael jn ver gnderingh..
46 899 2703 1108 Mrekd gebraght, de gedane nommatie van heeren
19 1086 579 1204 Harm sehenen
643 1064 2848 1279 schepenen deser bede, om uijt verkoren de worden
25 1153 620 1253 tot de mancquerende
12 1249 637 1369 wijckmebsteren deser
632 1244 2747 1425 eenige ijlk meesteren, die door verhuijsingh ofte
84 1316 284 1450 stede
629 1380 2672 1584 alterven komen te gedreken luijdende deselve
637 1496 1654 1736 nominatie als voeget.
1111 1685 2731 2070 Vijlagh 2:n tcember A:o 172
1189 2001 2491 2225 dempoo d’ E: Heer President
916 2192 2802 2456 enemeert zijnde de rollen van Rrijckmeesteren,
511 2368 2754 2509 desen ede, wert bevonden dat 'er eenige plaetsen soo door
634 2473 2743 2641 verstenen alsdoor verhuijsen vacant geworden zijne
621 2588 2767 2745 ende dewijle het jegenwoordigh den eij is om de rollen
624 2734 2632 2886 der wjcken op te brengen, ende met de laesst redour
609 2811 2761 3004 schepen na het Vaderlande te versenden, soo is ver„
546 2938 2787 3094 staen nomimatie over de ledige plaetsen de maecken, en
544 3041 2752 3242 de Ed: Hooge regeringh van India, voor te dragen
602 3156 2764 3355 om bij hun Ed: sodanige daer uijt verkoren te werden
607 3293 1817 3480 als verstaen sullen te behoren,
1097 3436 1901 3669 Aende Oost zijde
2689 3643 2790 3767 ht
612 3627 1008 3846 Int Dlock
1033 3636 2765 3840 P: in plaets van Jsaacq Dinckels eerhuijst genomn:
642 3780 1466 3937 Daijs van ses Notaris
633 3870 1863 4051 Joannes de vlaminck keur meester
2808 3896 2928 4072 21
591 3954 2939 4190 Int vlock ijn plaets van m:r Harman klencke verhuijst genoimin
567 4106 1617 4276 Jacob Wertwater secretaris
528 4199 1726 4370 Micolaes Wuller Weesmeester.
2327 4355 2511 4506 Ren
