2954 4721
88 38 274 168 1.28
184 166 371 312 128
29 727 681 883 sententie des, doors tegen
30 846 639 949 Naura Saijra. Taja en
58 912 635 1010 abdul, alle Bantamse
35 987 637 1095 Iavanen over slaven
48 1060 652 1220 dieverije geapprobeert,
691 205 2923 496 Donderdagh 24:' Junij A:o 1657
1395 414 2182 591 Axtraord: Vergaderingh
677 592 2798 845 zijn jn vergaderings gelesen, alle de stucken van het
662 767 2828 993 Crimmele proces, voor den aghtbaren raad van
687 957 2778 1142 Justitie gejntenteert, bij den E: fiscael pieter pauw
691 1040 2789 1270 jegens Narra Saijra, Saija, ende aldiel, aele drie
675 1212 2810 1432 Javanen, van Bantam, over neuschen dieverije, en
662 1333 2782 1502 dat net malkanderen getraght hebben, een slavinne
684 1495 2915 1702 genaemt hina van Macasser, toebeholende den mardijker
624 1649 2778 1804 gillis Rodrigo, van hier te vervoeren, waer over zij
682 1762 2842 1916 deer drie bijs gem:te raad gecondemneert zijn, om mette
681 1886 2866 2061 coorde aan een galge ter doot gebraght te worden, ende
681 2033 2783 2237 is na deliberatie, en examinatie der boven gemelte
676 2175 2811 2372 stucken, en bewijsen, goetgevonden, de gemelte sententie
674 2327 1643 2514 bij desen te approberen.
692 2513 2645 2794 Batavia jet Casteel datum als boven
1802 2759 2843 3039 Jn shaetsuijker
1997 2976 2723 3193 Pan goens
1956 3239 2789 3430 Lauvens Tot
2043 3386 2946 3590 den voortwater.
2125 3528 2765 3705 antin Lant
2209 3645 2916 3900 Etepansoofen
2117 3815 2856 4066 Wilhem volger:
2213 3974 2481 4340 e
1937 4395 2826 4645 Van Campuer 18
