2988 4770
254 73 368 193 5
2298 119 2527 297 209
2643 230 2863 354 309
154 375 2932 610 hebbende hee Contract van vaerde vrunde: en bourgt Jersntracr ntt die
2308 535 2830 662 Van Sumbauw
154 544 2237 761 otschap dien Ej:r sibruarij des vorccden paers
2293 633 2880 756 1676. l: Macrspr
2287 712 2830 866 gemacket: generet
185 669 2169 844 vusschen zijne afeondene eeen presidentt
188 794 2096 1007 ien Macassaer geleden, met verseeck dat
162 937 2224 1136 selve als nu bij ons moghte worden geapprobeert
160 1049 2328 1287 nd geraificeert, soo is na deiseratie gpet gevonde
2231 1295 2289 1343 —
141 1190 2249 1408 het voorwende versoeck soe sebaen, ende daer van
2330 1265 2839 1450 tete van Salisst
172 1322 2683 1541 agster het gemelde Contracts te voegen de na pdesselenbog
155 1445 831 1620 voegende sete„
73 1721 2318 1981 Jaan Maatsuweper Gouverneur Generael.
145 1878 2247 2069 ende de laaden van India tot Batavia, allen den genen
70 1993 2217 2171 die desen sullen dien. valu, doen be weten, dat jngevolge
146 2087 2245 2246 van het hier vorenstaende Contract van reede vrijnde, en
155 2230 2220 2343 bondt genootschap, beschreven inde Nederlantse, en tlaleijtse
158 2311 2291 2450 tale tussche den E: peesident Davld Benchome: opeijne
108 2382 2303 2586 raade ht namewand 'sComp:s ter eener ende de afgesonden
182 2514 2223 2660 e Singrewarongh nene damangh langoer eds
71 2642 2317 2790 drmang: dijt den name wonden versenden Commmton Bantam
157 2757 2270 2913 ontsgaders de vorder regeringe op hijbandt Sumbana
160 2901 2234 3047 ter andere zijde gemaeckt ende gesloten, op 13:e februarij
28 2942 2247 3091 des voorleden Iaerb. 1676. in Comps:e Casteel Rnterdam
153 3065 2282 3254 op Mlacasser den gemelte Coninck, en regeringe van sumbara
159 3196 2313 3352 althans haere expresse afgelanten aen ons herwaerts hebben
145 3261 2271 3420 afgesonden, omsne de rafificatie van gemelte Contract te
130 3390 2277 3556 verspecken: 190 ist dat wij als representerende het hoogste
160 3474 2289 3648 gebiedt wegens de generale Nederlantse, geortroijeerde
166 3615 2302 3769 oost Indische Comp:e in dese Landen, hetselve contract, met alle
81 3693 2286 3871 de poncten, en articulen daer ju begrepen, nu mede
153 3801 2331 3958 hebben geapprobeert, ende geratificeert, gelijck doen bij desen
162 3911 2316 4050 belovende deselve ouverbreecklijfk te onderhouden, ende te
48 4005 2179 4177 doen onder houden, sonder te gedogen dat sulx soo lange
150 4125 2359 4309 het van haere tyde prompt wert na gekomen, door tjemands
1966 4241 2153 4421 hn
1591 4386 1782 4536 9
