2934 4743
96 36 272 146 114
201 176 343 338 114
11 1832 674 2046 Renie gevoetend
39 2000 631 2102 het Proces tusschen
36 2057 611 2163 Boeijjanko, en soud„
49 2131 447 2274 simo Chinees.
903 239 2670 476 Tot buijten Regenten vant Jasarus-
1435 447 1765 627 Htuys
657 509 1812 734 Docten uijs de Reijsers . . . .
1872 650 2801 830 beijde bij contnnatie
647 682 1836 865 5:e Pieter schippers. . . . . . . .
736 805 2648 1047 Ende sullen alle deselve op overmoegen nade
652 956 2814 1176 aghter middagh predicatie jndese raad-kamen werden
673 1094 2746 1294 geroepen, om de oude en afgaende te bedancken, de
658 1259 2818 1413 gecontinueerde op den voorigen het weder aentenemen
669 1335 2804 1558 mitsgaders de nieuw verkome, onder den gewoonlijcken
657 1490 2807 1671 het te beveltigen, na dat die van't Collegie van kleend.
666 1613 2820 1829 endehuwelijckse saecken, den eet van purge sullen
652 1717 1426 1882 hebben afgeleght.
734 1929 2826 2116 Voor Ioan Blieck Procureur voor Beijde de collegien
685 2092 2793 2269 van Justitie, alhier: is als nu jnraade van India
660 2164 2828 2332 jngedient sodanigen request, als hier onder van woord tot
653 2291 1713 2478 woort staet gejnsereert.
719 2432 2500 2660 Aen d’ Ed:l Heer Ioan Maatsuigcker
978 2602 2580 2804 gouverneur generael en d’EE: Heeren
614 2714 1947 2937 Raaden van Indien.
625 2918 2777 3041 Heeft gansch gedienstigh, en met schuldige eerbiedighejt te
600 3008 2768 3152 kennen Loeij jaucko, chinees, dat hij supp:e als executeur van zijn
650 3075 2838 3297 broeder Beijslipkan Testament genoothaeckt is geweest pnoces
643 3212 2815 3373 te moeeren, contra soud simio. in Cas d’appel, voor den E: aghtb:
639 3318 2758 3473 Raadt van Iustitie deses Casteels Batavia, alwaer hij supp„s
603 3422 2781 3543 gissuccumbeert, ende daerom revisie aen uEd: van ’t selve heeft
631 3530 2866 3665 versoght; ende geeptineert welcke zaack jn reotsie zijnde voldongen
638 3633 2787 3747 is hij suppl: te Raade geworden, sigh te addeeseen aen uEd=
646 3714 2748 3895 eerbiedighlijck versoeckende, dat uEd:e de goedigheijt gelieve
629 3804 2636 3972 te toonen, van hem suppl:t toete voegen sodanige E: heeren
2619 3884 2710 3975 —
630 3952 2755 4069 reviseurs als UEd: sullen gelieven goet te vinden, ende ten
612 4038 2811 4197 fine voortz te Committeren, op dat alsoo hij suppl: vande voorsz
616 4139 2910 4311 processe jnt korte een eijnde mags Erlangen. t Welck doende &:
2310 4327 2656 4468 welck
