2989 4730
1273 54 1341 148 8
2631 89 2826 194 205
2644 202 2870 344 205
189 329 2363 521 soo isgoetgevenden na Cormandel te ordonneren
186 485 2377 716 om dan van deeekens sodanigen quantiteijt na Ceijlon
191 634 2372 850 tezenden, als den behoope van deselve schepen zale
162 770 1010 977 worden geeijscht.
100 938 2124 1210 Dondersis goetgevonden ende geresolpeert na
180 1115 1199 1291 Ceijlon te ordonneren.
153 1297 2227 1526 dat met het maecken van kleend Jaghjens tot
2342 1326 2923 1542 ’t maken van kleene
2325 1490 2906 1591 saghgens en mindere
118 1447 2336 1681 Battecalea. van 68: voeten langh en 16: breet als
2346 1552 2892 1663 vaertuijgen tot
2350 1625 2944 1771 Batticaloa te contin
41 1588 2334 1801 mede van mindere vaertuijgen, dogh niet veel groter
180 1770 2274 1929 wel zal mogen werden voortgevaeren, te weten
156 1897 2002 2104 tot seijlons eijgen gebruijck, en geen meer
1131 2015 1792 2191 mede voor Batavia
168 2046 2339 2276 Dat ter selver plaetse oock zullen moeten werden
2339 2170 2935 2348 aldaer 6 scheeps boots
103 2231 2259 2422 gemaeckt 6: stucxscheeps boote, van verscheijde
2334 2305 2913 2456 te laten maken tot
2344 2394 2714 2545 een preuve.
151 2412 2345 2587 Parters, tot een preve, ende om te onderstaen off„
188 2518 2335 2743 men, daer door den eijsch uijt ’t vadetlande niet seude
185 2656 969 2853 konnen excuseren.
181 2737 2327 3120 et ae hoogen die nedisn met ij van cujen in
2327 2910 2936 3139 schepen na de Ces met
82 2991 2296 3192 de Caeb de banne Eperance vertrecken voor den
2327 3080 2950 3200 rijs gesonden werdende
2321 3151 2932 3271 voor 9 maenden te
2161 3169 2301 3269 ht
178 3134 2298 3363 tijt van 9 maender sullen moeten worden geprovid:
2303 3229 2707 3372 grovideren„
76 3357 2186 3610 dat ons Jaurlijcx zale moeten worden toegesnden
2358 3414 2872 3648 ons Iaerlijcks van
48 3514 2282 3739 7. een lijste van alle schepen, en mindere vaaertuijgen
2328 3580 2951 3748 Ceijlon toe te senden
151 3749 215 3866 2
199 3665 2287 3867 onder het Ceijlonse gouvernement en hoedanigh
2322 3695 3001 3870 een lijste van alle schepen
2315 3811 2972 3938 en mindere vaertuijgen
107 3801 2283 3998 deselve werden gebruijckt, Item een rolle vande
191 3927 2916 4120 slaven, van d’ E: Comp:e onderscheijdentlijck, als een rolle van Comp:s
2334 4058 2599 4160 slaven.
198 4081 2456 4278 mannen vrouwen, kinderen, bequame, ende onbequame
2236 4200 2373 4312 Dis
1989 4273 2354 4396 mitsgad:s
1586 4366 1674 4492 8
