<?xml version="1.0" encoding="UTF-8" standalone="yes"?>
<PcGts xmlns="http://schema.primaresearch.org/PAGE/gts/pagecontent/2013-07-15" xmlns:xsi="http://www.w3.org/2001/XMLSchema-instance" xsi:schemaLocation="http://schema.primaresearch.org/PAGE/gts/pagecontent/2013-07-15 http://schema.primaresearch.org/PAGE/gts/pagecontent/2013-07-15/pagecontent.xsd">
    <Metadata>
        <Creator>prov=University of Rostock/Institute of Mathematics/CITlab|PLANET AI GmbH/Gundram Leifert/gundram.leifert@planet-ai.de:name=IJsberg(htr_id=20209)::::v=2.6.6
prov=University of Rostock/Institute of Mathematics/CITlab|PLANET AI GmbH/Tobias Gruening/tobias.gruening@planet-ai.de:name=de.uros.citlab.module.baseline2polygon.B2PSeamMultiOriented:v=2.6.6
prov=University of Rostock/Institute of Mathematics/CITlab|PLANET AI GmbH/Tobias Gruening/tobias.gruening@planet-ai.de:name=/net_tf/LA73_249_0mod360.pb:de.uros.citlab.segmentation.CITlab_LA_ML:v=2.6.6
Transkribus</Creator>
        <Created>2020-09-07T11:01:10.978+07:00</Created>
        <LastChange>2020-09-07T10:28:15.621+02:00</LastChange>
        <TranskribusMetadata docId="471693" pageId="19517069" pageNr="157" tsid="39405116" status="IN_PROGRESS" userId="15017" imgUrl="https://files.transkribus.eu/Get?id=RWEZXUHVSKUXVIQITBDUVKSX&amp;fileType=view" xmlUrl="https://files.transkribus.eu/Get?id=XOZLEDFBXZGDPFVUYHVLIQEO" imageId="15084030"/>
    </Metadata>
    <Page imageFilename="ID-ANRI_K66a_889_157.jpg" imageWidth="2921" imageHeight="4722">
        <ReadingOrder>
            <OrderedGroup id="ro_1620455897135" caption="Regions reading order">
                <RegionRefIndexed index="0" regionRef="r1"/>
                <RegionRefIndexed index="1" regionRef="r2"/>
                <RegionRefIndexed index="2" regionRef="r3"/>
            </OrderedGroup>
        </ReadingOrder>
        <TextRegion orientation="0.0" id="r1" custom="readingOrder {index:0;}">
            <Coords points="23,4268 23,4421 48,4421 48,4268"/>
            <TextLine id="r1l1" custom="readingOrder {index:0;}">
                <Coords points="7,4378 30,4381 37,4379 50,4369 64,4371 70,4328 47,4325 35,4320 32,4323 15,4320"/>
                <Baseline points="23,4368 48,4371"/>
                <TextEquiv>
                    <Unicode></Unicode>
                </TextEquiv>
            </TextLine>
            <TextEquiv>
                <Unicode></Unicode>
            </TextEquiv>
        </TextRegion>
        <TextRegion orientation="0.0" id="r2" custom="readingOrder {index:1;}">
            <Coords points="47,96 47,4588 2916,4588 2916,96"/>
            <TextLine id="r2l1" custom="readingOrder {index:0;}">
                <Coords points="2571,156 2585,155 2607,173 2638,165 2657,175 2670,160 2703,166 2740,157 2732,58 2711,57 2684,83 2675,77 2647,86 2622,70 2585,82 2564,80"/>
                <Baseline points="2585,161 2612,155 2640,153 2668,152 2696,150 2724,147"/>
                <TextEquiv>
                    <Unicode>157</Unicode>
                </TextEquiv>
            </TextLine>
            <TextLine id="r2l2" custom="readingOrder {index:1;}">
                <Coords points="2615,300 2635,304 2641,298 2699,342 2739,337 2742,209 2724,209 2707,191 2692,191 2651,214 2640,208 2616,210"/>
                <Baseline points="2631,284 2663,290 2695,289 2727,287"/>
                <TextEquiv>
                    <Unicode>5„</Unicode>
                </TextEquiv>
            </TextLine>
            <TextLine id="r2l3" custom="readingOrder {index:2;}">
                <Coords points="132,432 287,495 2311,502 2313,429 1874,328 1506,395 1307,321 136,284"/>
                <Baseline points="146,408 253,413 361,417 468,421 576,425 683,428 791,432 898,435 1006,438 1113,441 1221,444 1329,447 1436,450 1544,453 1651,456 1759,461 1866,464 1974,468 2081,473 2189,478 2297,483"/>
                <TextEquiv>
                    <Unicode>t uijtgaen van december over Ceijlon ende Couchin</Unicode>
                </TextEquiv>
            </TextLine>
            <TextLine id="r2l4" custom="readingOrder {index:3;}">
                <Coords points="117,551 2182,642 2248,517 120,461"/>
                <Baseline points="131,539 236,540 341,543 446,546 551,549 656,552 761,555 866,557 971,560 1076,564 1181,567 1286,571 1391,575 1496,579 1601,583 1706,587 1811,593 1916,597 2021,603 2126,610 2231,617"/>
                <TextEquiv>
                    <Unicode>na Gantra, sullen moeten werden gesonden, om</Unicode>
                </TextEquiv>
            </TextLine>
            <TextLine id="r2l5" custom="readingOrder {index:4;}">
                <Coords points="131,709 2130,774 2294,745 2297,660 1733,587 1187,643 1006,578 135,590"/>
                <Baseline points="146,671 252,674 359,676 465,678 572,681 679,686 785,689 892,693 999,697 1105,701 1212,705 1319,710 1425,714 1532,719 1639,723 1745,727 1852,731 1959,735 2065,738 2172,741 2279,744"/>
                <TextEquiv>
                    <Unicode>aldaer haere rijstadiagh te soecken, een landt zijnde</Unicode>
                </TextEquiv>
            </TextLine>
            <TextLine id="r2l6" custom="readingOrder {index:5;}">
                <Coords points="40,825 2033,912 2263,891 2268,752 1981,817 1013,703 43,738"/>
                <Baseline points="56,804 165,804 275,806 385,809 494,812 604,815 714,819 823,824 933,828 1043,834 1153,839 1262,844 1372,849 1482,854 1591,858 1701,861 1811,864 1920,867 2030,869 2140,870 2250,869"/>
                <TextEquiv>
                    <Unicode>daer het zelden, aen dat nodige graen, komt te</Unicode>
                </TextEquiv>
            </TextLine>
            <TextLine id="r2l7" custom="readingOrder {index:6;}">
                <Coords points="126,962 1304,983 1365,1040 1853,999 2068,1086 2222,1021 2097,909 1572,864 1262,915 1087,844 130,854"/>
                <Baseline points="140,938 243,939 346,941 450,944 553,947 656,950 760,953 863,957 966,961 1070,965 1173,969 1276,974 1380,978 1483,981 1586,986 1690,989 1793,993 1896,996 2000,999 2103,1002 2207,1005"/>
                <TextEquiv>
                    <Unicode>ontbrekens Ende is mede goetgevonden den gem:</Unicode>
                </TextEquiv>
            </TextLine>
            <TextLine id="r2l8" custom="readingOrder {index:7;}">
                <Coords points="2308,1023 2551,1050 2619,1026 2715,1035 2763,1078 2837,1043 2909,1051 2930,1046 2935,886 2645,948 2547,916 2388,968 2311,925"/>
                <Baseline points="2322,1013 2351,1016 2381,1017 2410,1020 2440,1022 2470,1023 2499,1025 2529,1026 2559,1028 2588,1029 2618,1030 2648,1031 2677,1032 2707,1032 2737,1034 2766,1034 2796,1034 2826,1035 2855,1035 2885,1035 2915,1035"/>
                <TextEquiv>
                    <Unicode>den E alikentGed</Unicode>
                </TextEquiv>
            </TextLine>
            <TextLine id="r2l9" custom="readingOrder {index:8;}">
                <Coords points="129,1084 2244,1181 2250,1012 2055,1099 1860,999 1460,1044 1294,983 1204,1044 133,964"/>
                <Baseline points="143,1074 247,1074 351,1076 456,1079 560,1080 665,1085 769,1088 874,1091 978,1095 1083,1100 1187,1104 1291,1108 1396,1112 1500,1116 1605,1120 1709,1124 1814,1127 1918,1130 2023,1131 2127,1133 2232,1134"/>
                <TextEquiv>
                    <Unicode>H:r Directeur Willem volger, te authoriseren om tot</Unicode>
                </TextEquiv>
            </TextLine>
            <TextLine id="r2l10" custom="readingOrder {index:9;}">
                <Coords points="2290,1124 2462,1105 2548,1148 2601,1117 2685,1133 2715,1116 2879,1187 2928,1176 2928,1045 2835,1043 2762,1077 2705,1038 2621,1027 2527,1057 2472,1029 2425,1043 2292,1020"/>
                <Baseline points="2306,1101 2336,1101 2366,1101 2397,1101 2427,1102 2458,1103 2488,1104 2519,1105 2549,1106 2580,1107 2610,1109 2640,1109 2671,1110 2701,1111 2732,1112 2762,1112 2793,1112 2823,1112 2854,1112 2884,1110 2915,1110"/>
                <TextEquiv>
                    <Unicode>Hooff bost ondercoopm</Unicode>
                </TextEquiv>
            </TextLine>
            <TextLine id="r2l11" custom="readingOrder {index:10;}">
                <Coords points="2303,1219 2344,1221 2371,1204 2460,1222 2520,1186 2552,1191 2605,1239 2646,1226 2650,1127 2586,1131 2547,1150 2485,1110 2441,1108 2426,1122 2406,1101 2365,1117 2307,1112"/>
                <Baseline points="2318,1173 2344,1173 2370,1173 2397,1175 2423,1175 2449,1177 2476,1178 2502,1180 2528,1181 2555,1182 2581,1182 2607,1182 2634,1181"/>
                <TextEquiv>
                    <Unicode>te vorderen</Unicode>
                </TextEquiv>
            </TextLine>
            <TextLine id="r2l12" custom="readingOrder {index:11;}">
                <Coords points="2625,1250 2645,1253 2653,1260 2659,1255 2679,1257 2695,1247 2698,1251 2724,1230 2765,1229 2772,1169 2741,1162 2705,1117 2683,1135 2674,1133 2667,1139 2639,1135"/>
                <Baseline points="2648,1182 2674,1182 2701,1185 2727,1190 2754,1193"/>
                <TextEquiv>
                    <Unicode></Unicode>
                </TextEquiv>
            </TextLine>
            <TextLine id="r2l13" custom="readingOrder {index:12;}">
                <Coords points="112,1220 2316,1273 2131,1139 1805,1227 1590,1124 115,1127"/>
                <Baseline points="128,1202 236,1200 345,1200 453,1202 562,1205 671,1208 779,1211 888,1214 997,1218 1105,1222 1214,1227 1323,1232 1431,1235 1540,1240 1649,1245 1757,1248 1866,1251 1975,1253 2083,1256 2192,1257 2301,1257"/>
                <TextEquiv>
                    <Unicode>zijn E: secretaris jn Ouglij tegebruijcken ende als dan</Unicode>
                </TextEquiv>
            </TextLine>
            <TextLine id="r2l14" custom="readingOrder {index:13;}">
                <Coords points="121,1382 550,1331 1445,1370 1565,1435 1768,1368 2261,1415 2283,1268 125,1246"/>
                <Baseline points="137,1320 243,1322 349,1323 456,1325 562,1328 669,1329 775,1333 881,1336 988,1340 1094,1343 1201,1347 1307,1350 1413,1355 1520,1358 1626,1362 1733,1365 1839,1368 1945,1371 2052,1374 2158,1377 2265,1379"/>
                <TextEquiv>
                    <Unicode>oock op onse approvatie tot ondercoopman tevorderen den</Unicode>
                </TextEquiv>
            </TextLine>
            <TextLine id="r2l15" custom="readingOrder {index:14;}">
                <Coords points="112,1487 1657,1560 1769,1491 2266,1533 2290,1417 1814,1379 1503,1445 1432,1385 550,1337 115,1385"/>
                <Baseline points="126,1451 233,1452 340,1454 447,1455 555,1457 662,1460 769,1463 876,1466 984,1469 1091,1473 1198,1476 1305,1481 1413,1484 1520,1488 1627,1491 1734,1496 1842,1499 1949,1502 2056,1505 2163,1509 2271,1511"/>
                <TextEquiv>
                    <Unicode>eerst adsistent gerard hooft die wij bij desen toestaen</Unicode>
                </TextEquiv>
            </TextLine>
            <TextLine id="r2l16" custom="readingOrder {index:15;}">
                <Coords points="73,1602 2277,1643 2214,1510 2092,1591 2007,1513 1726,1589 1359,1510 76,1500"/>
                <Baseline points="89,1577 197,1577 306,1577 414,1578 523,1580 632,1583 740,1586 849,1589 958,1592 1066,1596 1175,1601 1284,1605 1392,1610 1501,1613 1610,1617 1718,1621 1827,1625 1936,1627 2044,1629 2153,1631 2262,1632"/>
                <TextEquiv>
                    <Unicode>om met zijn huijsvrouw, na Bengale te vertrecken</Unicode>
                </TextEquiv>
            </TextLine>
            <TextLine id="r2l17" custom="readingOrder {index:16;}">
                <Coords points="110,1748 1892,1787 2125,1770 2127,1706 1643,1629 1426,1688 1120,1608 1019,1681 740,1671 242,1582 112,1664"/>
                <Baseline points="125,1706 224,1704 323,1704 423,1706 522,1707 621,1709 721,1710 820,1713 919,1716 1019,1719 1118,1722 1217,1725 1317,1728 1416,1731 1515,1734 1615,1737 1714,1740 1813,1742 1913,1745 2012,1746 2112,1746"/>
                <TextEquiv>
                    <Unicode>gelijck mede met zijn familie den ondercoopman</Unicode>
                </TextEquiv>
            </TextLine>
            <TextLine id="r2l18" custom="readingOrder {index:17;}">
                <Coords points="97,1884 912,1851 1696,1937 2261,1898 2264,1776 100,1759"/>
                <Baseline points="114,1829 220,1832 327,1835 433,1838 540,1841 647,1843 753,1845 860,1848 967,1850 1073,1851 1180,1854 1287,1857 1393,1859 1500,1862 1607,1864 1713,1867 1820,1869 1927,1873 2033,1877 2140,1880 2247,1884"/>
                <TextEquiv>
                    <Unicode>Pieter Done, om aldaer bij gelegentheijt te werden</Unicode>
                </TextEquiv>
            </TextLine>
            <TextLine id="r2l19" custom="readingOrder {index:18;}">
                <Coords points="2286,1899 2566,1902 2643,1965 2710,1922 2855,1937 2859,1867 2794,1886 2693,1860 2669,1873 2535,1783 2490,1798 2453,1781 2293,1786"/>
                <Baseline points="2301,1886 2329,1887 2357,1889 2386,1890 2414,1892 2442,1893 2471,1895 2499,1896 2527,1898 2556,1900 2584,1902 2613,1904 2641,1905 2669,1907 2698,1910 2726,1911 2754,1913 2783,1913 2811,1916 2840,1917"/>
                <TextEquiv>
                    <Unicode>den ondercoopman</Unicode>
                </TextEquiv>
            </TextLine>
            <TextLine id="r2l20" custom="readingOrder {index:19;}">
                <Coords points="55,2003 2240,2064 2245,1890 58,1895"/>
                <Baseline points="72,1955 179,1956 287,1958 395,1961 502,1962 610,1965 718,1968 825,1971 933,1974 1041,1977 1149,1980 1256,1985 1364,1988 1472,1991 1579,1995 1687,1998 1795,2001 1902,2005 2010,2008 2118,2012 2226,2015"/>
                <TextEquiv>
                    <Unicode>geemploijeert, blijvende de versoghte verbeteringen</Unicode>
                </TextEquiv>
            </TextLine>
            <TextLine id="r2l21" custom="readingOrder {index:20;}">
                <Coords points="2292,1978 2474,1994 2502,1972 2592,2017 2795,1993 2877,2028 2881,1970 2746,1952 2710,1923 2652,1910 2624,1935 2566,1901 2463,1917 2374,1890 2298,1897"/>
                <Baseline points="2307,1961 2334,1966 2362,1969 2390,1973 2418,1975 2446,1977 2474,1979 2502,1980 2530,1982 2558,1982 2586,1983 2613,1984 2641,1986 2669,1987 2697,1989 2725,1991 2753,1994 2781,1998 2809,2002 2837,2008 2865,2015"/>
                <TextEquiv>
                    <Unicode>Pieter Bone ijn</Unicode>
                </TextEquiv>
            </TextLine>
            <TextLine id="r2l22" custom="readingOrder {index:21;}">
                <Coords points="2268,2055 2400,2099 2553,2062 2638,2119 2778,2116 2867,2150 2929,2123 2933,2033 2739,2004 2686,2031 2643,2002 2412,2024 2362,1975 2272,1985"/>
                <Baseline points="2283,2037 2314,2042 2346,2046 2377,2049 2409,2051 2441,2054 2472,2056 2504,2058 2536,2060 2567,2060 2599,2061 2631,2063 2662,2063 2694,2064 2726,2064 2757,2066 2789,2067 2821,2068 2852,2069 2884,2072 2916,2073"/>
                <TextEquiv>
                    <Unicode>Bengale de emploije</Unicode>
                </TextEquiv>
            </TextLine>
            <TextLine id="r2l23" custom="readingOrder {index:22;}">
                <Coords points="124,2146 454,2095 604,2163 675,2112 2224,2161 2226,2056 2040,2023 127,2027"/>
                <Baseline points="140,2091 243,2094 346,2097 450,2099 553,2101 657,2103 760,2105 863,2106 967,2107 1070,2109 1174,2111 1277,2112 1380,2114 1484,2116 1587,2118 1691,2122 1794,2126 1897,2129 2001,2135 2104,2139 2208,2145"/>
                <TextEquiv>
                    <Unicode>van verscheijde Dienaren, jn Bengale bescheijden</Unicode>
                </TextEquiv>
            </TextLine>
            <TextLine id="r2l24" custom="readingOrder {index:23;}">
                <Coords points="124,2204 604,2293 934,2231 1247,2304 2225,2276 2213,2159 1935,2206 1381,2138 1095,2199 675,2111 564,2170 455,2098 125,2149"/>
                <Baseline points="137,2217 240,2220 344,2223 447,2226 551,2229 655,2231 758,2232 862,2234 966,2235 1069,2237 1173,2239 1277,2241 1380,2243 1484,2244 1588,2247 1691,2249 1795,2253 1899,2256 2002,2260 2106,2264 2210,2270"/>
                <TextEquiv>
                    <Unicode>voor als nogh uijtgestelt, tot dat den meert gemelte</Unicode>
                </TextEquiv>
            </TextLine>
            <TextLine id="r2l25" custom="readingOrder {index:24;}">
                <Coords points="121,2368 2132,2441 2135,2313 2040,2284 1480,2340 1319,2257 1196,2312 933,2229 579,2316 125,2208"/>
                <Baseline points="135,2355 234,2357 333,2358 432,2360 531,2363 630,2364 729,2367 829,2370 928,2372 1027,2375 1126,2378 1225,2381 1324,2384 1423,2387 1523,2389 1622,2392 1721,2394 1820,2397 1919,2400 2018,2402 2118,2405"/>
                <TextEquiv>
                    <Unicode>H:r Directeur Volger, sigh nader gejnformeert</Unicode>
                </TextEquiv>
            </TextLine>
            <TextLine id="r2l26" custom="readingOrder {index:25;}">
                <Coords points="2236,2436 2302,2417 2366,2453 2484,2428 2569,2472 2673,2440 2839,2483 2849,2329 2746,2302 2604,2372 2490,2385 2436,2358 2242,2352"/>
                <Baseline points="2253,2414 2281,2414 2310,2415 2338,2416 2367,2417 2396,2419 2424,2420 2453,2422 2482,2424 2510,2426 2539,2428 2568,2430 2596,2432 2625,2434 2654,2436 2682,2438 2711,2441 2740,2442 2768,2444 2797,2446 2826,2447"/>
                <TextEquiv>
                    <Unicode>eenige versoghte ver„</Unicode>
                </TextEquiv>
            </TextLine>
            <TextLine id="r2l27" custom="readingOrder {index:26;}">
                <Coords points="2235,2500 2380,2513 2439,2545 2482,2509 2559,2530 2630,2504 2708,2534 2816,2518 2896,2539 2900,2452 2785,2485 2668,2441 2580,2467 2365,2457 2311,2419 2238,2428"/>
                <Baseline points="2249,2487 2280,2489 2312,2491 2344,2492 2375,2495 2407,2496 2439,2498 2470,2499 2502,2500 2534,2501 2566,2504 2597,2504 2629,2506 2661,2507 2692,2508 2724,2510 2756,2511 2787,2513 2819,2514 2851,2516 2883,2517"/>
                <TextEquiv>
                    <Unicode>beteringen van dienaren</Unicode>
                </TextEquiv>
            </TextLine>
            <TextLine id="r2l28" custom="readingOrder {index:27;}">
                <Coords points="132,2505 2070,2567 2146,2551 2150,2432 1715,2470 1444,2401 1058,2461 549,2368 337,2452 135,2392"/>
                <Baseline points="146,2489 245,2489 344,2490 443,2492 543,2494 642,2496 741,2498 841,2501 940,2504 1039,2507 1139,2510 1238,2513 1337,2516 1436,2519 1536,2522 1635,2525 1734,2528 1834,2531 1933,2534 2032,2536 2132,2538"/>
                <TextEquiv>
                    <Unicode>ende ons beright gegeven zal hebben, wegens de</Unicode>
                </TextEquiv>
            </TextLine>
            <TextLine id="r2l29" custom="readingOrder {index:28;}">
                <Coords points="2243,2570 2475,2588 2517,2620 2585,2594 2637,2615 2663,2601 2730,2657 2858,2661 2865,2542 2796,2521 2733,2553 2640,2504 2417,2536 2247,2495"/>
                <Baseline points="2259,2558 2288,2561 2317,2564 2347,2566 2376,2568 2405,2570 2435,2571 2464,2574 2493,2575 2523,2576 2552,2578 2581,2579 2611,2580 2640,2582 2669,2583 2699,2585 2728,2586 2757,2588 2787,2589 2816,2591 2846,2592"/>
                <TextEquiv>
                    <Unicode>aldaer nogh wat uijt</Unicode>
                </TextEquiv>
            </TextLine>
            <TextLine id="r2l30" custom="readingOrder {index:29;}">
                <Coords points="114,2677 1218,2634 1591,2727 1933,2647 2211,2690 2214,2615 1782,2546 1620,2603 1538,2530 1274,2607 1050,2530 972,2583 477,2504 359,2571 118,2552"/>
                <Baseline points="131,2607 234,2610 337,2613 441,2615 544,2618 647,2621 751,2624 854,2626 957,2630 1061,2632 1164,2635 1267,2639 1371,2642 1474,2645 1577,2648 1681,2652 1784,2655 1887,2658 1991,2663 2094,2666 2198,2670"/>
                <TextEquiv>
                    <Unicode>gelegentheijt vande 43: Canassers amphioen en 43:</Unicode>
                </TextEquiv>
            </TextLine>
            <TextLine id="r2l31" custom="readingOrder {index:30;}">
                <Coords points="2249,2638 2294,2662 2397,2653 2413,2667 2451,2661 2497,2680 2521,2664 2549,2676 2632,2668 2635,2628 2604,2619 2574,2631 2471,2607 2429,2583 2397,2581 2381,2594 2339,2578 2255,2574"/>
                <Baseline points="2264,2631 2289,2634 2314,2636 2340,2639 2365,2641 2390,2644 2416,2646 2441,2648 2466,2650 2492,2652 2517,2654 2542,2657 2568,2659 2593,2660 2619,2663"/>
                <TextEquiv>
                    <Unicode>be stillen.</Unicode>
                </TextEquiv>
            </TextLine>
            <TextLine id="r2l32" custom="readingOrder {index:31;}">
                <Coords points="126,2746 839,2831 1251,2777 1738,2853 2038,2814 2040,2721 1885,2665 1580,2742 1173,2650 1084,2715 826,2650 671,2710 437,2646 128,2670"/>
                <Baseline points="140,2741 234,2744 328,2747 422,2750 517,2753 611,2756 705,2759 799,2762 894,2764 988,2766 1082,2770 1176,2772 1271,2774 1365,2777 1459,2778 1553,2780 1648,2782 1742,2784 1836,2784 1930,2786 2025,2787"/>
                <TextEquiv>
                    <Unicode>balen zijde, voorleden jaer door de H:r fiscael</Unicode>
                </TextEquiv>
            </TextLine>
            <TextLine id="r2l33" custom="readingOrder {index:32;}">
                <Coords points="113,2877 892,2888 1518,2997 2203,2947 2205,2854 115,2813"/>
                <Baseline points="128,2874 231,2876 334,2879 437,2882 540,2885 643,2888 746,2891 849,2894 952,2898 1055,2901 1158,2904 1261,2909 1364,2912 1467,2915 1570,2918 1673,2921 1776,2922 1879,2925 1982,2927 2085,2928 2189,2930"/>
                <TextEquiv>
                    <Unicode>alhier aengehaelt, ende off oock jmandt vande</Unicode>
                </TextEquiv>
            </TextLine>
            <TextLine id="r2l34" custom="readingOrder {index:33;}">
                <Coords points="132,3040 2129,3083 2251,3063 2254,2949 1308,2999 136,2886"/>
                <Baseline points="146,3008 250,3009 355,3011 459,3012 564,3014 668,3017 773,3020 877,3023 982,3026 1086,3029 1191,3032 1296,3035 1400,3038 1505,3041 1609,3044 1714,3045 1818,3048 1923,3050 2027,3051 2132,3052 2237,3053"/>
                <TextEquiv>
                    <Unicode>gemelte sollicitanten, aen sulcken stouten perticul:</Unicode>
                </TextEquiv>
            </TextLine>
            <TextLine id="r2l35" custom="readingOrder {index:34;}">
                <Coords points="112,3158 181,3135 251,3171 397,3151 463,3190 623,3179 684,3214 989,3213 990,3044 804,3037 574,3091 476,3062 420,3099 188,3045 112,3062"/>
                <Baseline points="126,3140 168,3140 210,3140 253,3140 295,3140 338,3140 380,3138 422,3138 465,3138 507,3138 550,3138 592,3140 634,3140 677,3140 719,3140 762,3141 804,3141 846,3143 889,3144 931,3146 974,3147"/>
                <TextEquiv>
                    <Unicode>handel schuldigh zij.</Unicode>
                </TextEquiv>
            </TextLine>
            <TextLine id="r2l36" custom="readingOrder {index:35;}">
                <Coords points="158,3363 1020,3321 2228,3387 2230,3300 2076,3317 1756,3181 1289,3258 1125,3196 1013,3263 625,3181 162,3209"/>
                <Baseline points="173,3317 275,3314 377,3314 479,3314 581,3314 683,3315 785,3317 887,3318 989,3321 1091,3324 1193,3327 1295,3330 1397,3333 1499,3338 1601,3341 1703,3344 1805,3346 1907,3348 2009,3351 2111,3351 2214,3353"/>
                <TextEquiv>
                    <Unicode>Beevons het jaght het goede begin, den 3:e deser na</Unicode>
                </TextEquiv>
            </TextLine>
            <TextLine id="r2l37" custom="readingOrder {index:36;}">
                <Coords points="2254,3406 2324,3403 2358,3433 2400,3397 2445,3422 2565,3403 2614,3437 2650,3409 2728,3406 2869,3467 2875,3295 2785,3289 2673,3326 2616,3300 2563,3316 2452,3250 2257,3313"/>
                <Baseline points="2268,3383 2297,3383 2326,3384 2356,3385 2385,3386 2415,3387 2444,3388 2473,3390 2503,3392 2532,3392 2562,3394 2591,3395 2620,3396 2650,3398 2679,3399 2709,3399 2738,3401 2767,3401 2797,3401 2826,3401 2856,3401"/>
                <TextEquiv>
                    <Unicode>de fluijten Jselstrijn</Unicode>
                </TextEquiv>
            </TextLine>
            <TextLine id="r2l38" custom="readingOrder {index:37;}">
                <Coords points="118,3481 2121,3517 2203,3490 2206,3377 1672,3437 1232,3353 719,3417 609,3356 121,3359"/>
                <Baseline points="134,3447 236,3447 339,3447 442,3449 545,3450 647,3452 750,3455 853,3456 956,3459 1058,3463 1161,3465 1264,3468 1367,3471 1469,3475 1572,3477 1675,3480 1778,3482 1880,3485 1983,3486 2086,3487 2189,3488"/>
                <TextEquiv>
                    <Unicode>bengale aengeleght, is goetgevonden nogh derwaerts</Unicode>
                </TextEquiv>
            </TextLine>
            <TextLine id="r2l39" custom="readingOrder {index:38;}">
                <Coords points="2255,3471 2772,3502 2795,3495 2798,3437 2754,3446 2714,3416 2626,3442 2565,3439 2522,3411 2419,3434 2376,3414 2350,3428 2257,3413"/>
                <Baseline points="2271,3464 2296,3465 2321,3465 2347,3465 2372,3465 2398,3467 2423,3468 2449,3468 2474,3470 2500,3471 2525,3472 2550,3474 2576,3475 2601,3476 2627,3477 2652,3479 2678,3479 2703,3480 2729,3480 2754,3480 2780,3480"/>
                <TextEquiv>
                    <Unicode>en westeramstel</Unicode>
                </TextEquiv>
            </TextLine>
            <TextLine id="r2l40" custom="readingOrder {index:39;}">
                <Coords points="2249,3565 2351,3553 2391,3572 2441,3550 2527,3608 2610,3561 2662,3560 2862,3600 2864,3516 2832,3506 2774,3499 2736,3521 2667,3493 2565,3513 2531,3477 2458,3475 2381,3511 2291,3511 2251,3489"/>
                <Baseline points="2264,3543 2293,3545 2322,3546 2351,3547 2380,3548 2409,3549 2438,3549 2468,3551 2497,3552 2526,3554 2555,3554 2584,3555 2613,3555 2642,3557 2672,3557 2701,3558 2730,3558 2759,3558 2788,3560 2817,3560 2847,3560"/>
                <TextEquiv>
                    <Unicode>voor Bengale aenge„</Unicode>
                </TextEquiv>
            </TextLine>
            <TextLine id="r2l41" custom="readingOrder {index:40;}">
                <Coords points="125,3590 2480,3656 2442,3550 128,3488"/>
                <Baseline points="141,3564 257,3569 373,3572 489,3575 606,3579 722,3582 838,3587 954,3590 1071,3593 1187,3596 1303,3600 1419,3603 1536,3606 1652,3611 1768,3614 1884,3617 2001,3620 2117,3623 2233,3626 2349,3629 2466,3630"/>
                <TextEquiv>
                    <Unicode>te zenden, de fluijtschepen, ijseltteijn, en Westeramstel leght:</Unicode>
                </TextEquiv>
            </TextLine>
            <TextLine id="r2l42" custom="readingOrder {index:41;}">
                <Coords points="114,3750 2205,3759 2165,3627 1901,3704 1792,3633 1396,3677 1299,3599 1029,3687 686,3586 497,3656 118,3593"/>
                <Baseline points="129,3696 232,3696 335,3698 438,3699 541,3702 644,3705 747,3708 850,3711 953,3715 1056,3719 1159,3723 1262,3728 1365,3731 1468,3735 1571,3738 1674,3741 1777,3743 1880,3744 1983,3746 2086,3744 2190,3744"/>
                <TextEquiv>
                    <Unicode>beijde om van daer na seijlon, over te brengen 200:</Unicode>
                </TextEquiv>
            </TextLine>
            <TextLine id="r2l43" custom="readingOrder {index:42;}">
                <Coords points="2253,3754 2402,3756 2435,3789 2509,3757 2606,3748 2657,3782 2739,3764 2817,3778 2820,3697 2741,3709 2692,3672 2591,3672 2522,3646 2378,3688 2256,3658"/>
                <Baseline points="2268,3743 2294,3744 2321,3744 2348,3745 2375,3746 2402,3746 2428,3747 2455,3747 2482,3747 2509,3747 2536,3748 2562,3749 2589,3750 2616,3750 2643,3751 2670,3753 2696,3755 2723,3757 2750,3759 2777,3761 2804,3765"/>
                <TextEquiv>
                    <Unicode>om salpeter &amp;:o na</Unicode>
                </TextEquiv>
            </TextLine>
            <TextLine id="r2l44" custom="readingOrder {index:43;}">
                <Coords points="2265,3814 2312,3814 2337,3841 2410,3822 2472,3864 2640,3888 2709,3842 2828,3849 2833,3768 2756,3793 2657,3784 2607,3749 2448,3781 2403,3758 2269,3750"/>
                <Baseline points="2280,3806 2306,3808 2333,3810 2359,3811 2386,3812 2413,3815 2439,3816 2466,3817 2493,3818 2519,3819 2546,3821 2573,3822 2599,3823 2626,3825 2653,3827 2679,3828 2706,3830 2733,3832 2759,3834 2786,3837 2813,3840"/>
                <TextEquiv>
                    <Unicode>seijlon te brengen.</Unicode>
                </TextEquiv>
            </TextLine>
            <TextLine id="r2l45" custom="readingOrder {index:44;}">
                <Coords points="31,3860 800,3827 2217,3921 2316,3903 2318,3815 2002,3759 1317,3815 878,3712 32,3799"/>
                <Baseline points="47,3836 159,3833 272,3831 385,3830 498,3831 611,3833 723,3836 836,3839 949,3842 1062,3846 1175,3849 1287,3854 1400,3858 1513,3861 1626,3864 1739,3867 1851,3869 1964,3869 2077,3867 2190,3866 2303,3863"/>
                <TextEquiv>
                    <Unicode>lasten zalpeter voort Vaderlandt, en voorts sodanige</Unicode>
                </TextEquiv>
            </TextLine>
            <TextLine id="r2l46" custom="readingOrder {index:45;}">
                <Coords points="195,3992 2218,4040 2247,3921 198,3873"/>
                <Baseline points="209,3960 310,3960 411,3960 512,3962 613,3963 714,3966 815,3969 916,3971 1017,3975 1118,3978 1219,3981 1320,3984 1421,3987 1522,3990 1623,3993 1724,3996 1825,3998 1926,3999 2027,3999 2128,4001 2229,3999"/>
                <TextEquiv>
                    <Unicode>adere behoeften, als voor dat gouvernement sullen</Unicode>
                </TextEquiv>
            </TextLine>
            <TextLine id="r2l47" custom="readingOrder {index:46;}">
                <Coords points="111,4159 259,4116 358,4160 407,4125 518,4137 581,4101 654,4140 793,4079 866,4081 865,4040 806,4021 647,4044 570,3979 411,4049 178,3998 108,4017"/>
                <Baseline points="125,4085 161,4089 197,4091 233,4093 270,4095 306,4095 342,4095 379,4095 415,4095 451,4094 488,4092 524,4091 560,4090 596,4088 633,4086 669,4085 705,4083 742,4082 778,4081 814,4080 851,4079"/>
                <TextEquiv>
                    <Unicode>zijn geeijscht.</Unicode>
                </TextEquiv>
            </TextLine>
            <TextLine id="r2l48" custom="readingOrder {index:47;}">
                <Coords points="1852,4347 1904,4362 1918,4357 1947,4377 1994,4337 2029,4346 2046,4329 2076,4329 2077,4186 2030,4201 1931,4194 1876,4226 1852,4228"/>
                <Baseline points="1866,4313 1893,4314 1921,4316 1949,4316 1976,4316 2004,4316 2032,4316 2060,4314"/>
                <TextEquiv>
                    <Unicode>zijn</Unicode>
                </TextEquiv>
            </TextLine>
            <TextLine id="r2l49" custom="readingOrder {index:48;}">
                <Coords points="1462,4511 1486,4509 1497,4518 1538,4501 1567,4519 1590,4517 1594,4372 1576,4368 1561,4380 1536,4367 1488,4392 1465,4389"/>
                <Baseline points="1476,4493 1509,4488 1542,4488 1575,4496"/>
                <TextEquiv>
                    <Unicode>1</Unicode>
                </TextEquiv>
            </TextLine>
            <TextLine id="r2l50" custom="readingOrder {index:49;}">
                <Coords points="76,4565 90,4565 93,4562 99,4565 105,4559 119,4565 137,4565 137,4507 110,4507 102,4498 96,4504 90,4501 76,4501"/>
                <Baseline points="90,4563 123,4563"/>
                <TextEquiv>
                    <Unicode></Unicode>
                </TextEquiv>
            </TextLine>
            <TextEquiv>
                <Unicode>157
5„
t uijtgaen van december over Ceijlon ende Couchin
na Gantra, sullen moeten werden gesonden, om
aldaer haere rijstadiagh te soecken, een landt zijnde
daer het zelden, aen dat nodige graen, komt te
ontbrekens Ende is mede goetgevonden den gem:
den E alikentGed
H:r Directeur Willem volger, te authoriseren om tot
Hooff bost ondercoopm
te vorderen

zijn E: secretaris jn Ouglij tegebruijcken ende als dan
oock op onse approvatie tot ondercoopman tevorderen den
eerst adsistent gerard hooft die wij bij desen toestaen
om met zijn huijsvrouw, na Bengale te vertrecken
gelijck mede met zijn familie den ondercoopman
Pieter Done, om aldaer bij gelegentheijt te werden
den ondercoopman
geemploijeert, blijvende de versoghte verbeteringen
Pieter Bone ijn
Bengale de emploije
van verscheijde Dienaren, jn Bengale bescheijden
voor als nogh uijtgestelt, tot dat den meert gemelte
H:r Directeur Volger, sigh nader gejnformeert
eenige versoghte ver„
beteringen van dienaren
ende ons beright gegeven zal hebben, wegens de
aldaer nogh wat uijt
gelegentheijt vande 43: Canassers amphioen en 43:
be stillen.
balen zijde, voorleden jaer door de H:r fiscael
alhier aengehaelt, ende off oock jmandt vande
gemelte sollicitanten, aen sulcken stouten perticul:
handel schuldigh zij.
Beevons het jaght het goede begin, den 3:e deser na
de fluijten Jselstrijn
bengale aengeleght, is goetgevonden nogh derwaerts
en westeramstel
voor Bengale aenge„
te zenden, de fluijtschepen, ijseltteijn, en Westeramstel leght:
beijde om van daer na seijlon, over te brengen 200:
om salpeter &amp;:o na
seijlon te brengen.
lasten zalpeter voort Vaderlandt, en voorts sodanige
adere behoeften, als voor dat gouvernement sullen
zijn geeijscht.
zijn
1
</Unicode>
            </TextEquiv>
        </TextRegion>
        <TextRegion orientation="0.0" id="r3" custom="readingOrder {index:2;}">
            <Coords points="2898,2413 2898,2569 2916,2569 2916,2413"/>
            <TextLine id="r3l1" custom="readingOrder {index:0;}">
                <Coords points="2907,2592 2954,2576 2889,2383 2873,2389 2862,2404 2846,2410"/>
                <Baseline points="2898,2519 2916,2513"/>
                <TextEquiv>
                    <Unicode></Unicode>
                </TextEquiv>
            </TextLine>
            <TextEquiv>
                <Unicode></Unicode>
            </TextEquiv>
        </TextRegion>
    </Page>
</PcGts>
