2943 4736
2403 -32 2554 70 t
480 16 670 200 304
146 64 401 190 304
2412 75 2488 224 7
779 263 2527 517 en adistent m van everstschid
40 284 667 500 Ten den Tpschuijd
30 440 674 585 bedienden diek van elen
729 469 2805 653 achhuijsen jijt Papteen bnange waernemende
30 542 599 666 „sterde als vooren
684 577 2827 794 te vorderen tot onder coopman, onder een traetens:
633 742 2893 956 van 40: guldens ter maent en een drijdanmge verband
737 979 2801 1174 adissent andines dloppen Coppang betledende
35 1022 712 1239 nders ol str besaig
35 1163 2696 1353 als st onsbeijd de bedugngen van deccertils, en fiscaer, te
20 1264 570 1409 inianan men
680 1296 2675 1472 venhogen ton de qualdijt van onder coopaan niet
20 1360 654 1488 ondeidam 40. g:
690 1433 2719 1649 10: guldens ter maent heden aenvande nemend
667 1587 2882 1799 en nit dat hij no t eijndigen van zijn tegenwoordig=
666 1698 2858 1935 lopependande nogh dij vaeren zal moeden danen
714 1896 2824 2102 den vrevisoeelen adellent bermanus vinghiock
22 1922 694 2126 Marmanus Nnder Rot
27 2098 445 2229 as: absoluee
675 2090 2769 2244 in die phaliteijt abh bedepegen onder een
37 2190 326 2337 C saet
673 2202 2841 2415 drattement van 2b gl: ter maent, en een versandt
668 2375 2787 2536 van drie Jaeren sagaende den 28:' Juli des aen„
655 2507 2765 2698 naenden veraens, als wanneer zijn versonden tijt
639 2646 1832 2857 zal komen de eijndigen.
651 2849 2192 3117 ders Daeregrig spocusande wijck
2385 2855 2819 3101 srombuijsen
18 2868 642 3105 es Cen hijte
16 3051 546 3183 luijtenant abzoluij
662 3082 2519 3266 hebbende een wijle sij de qualitejt van
2495 3148 2559 3217 —
2645 3078 2757 3246 „
44 3137 465 3281 d: fl. 3. Iier
646 3183 2828 3428 Lupenant bekleer daer onne absolijij te bevestigen
570 3326 2828 3578 onder een beloningh van 30: guldens der maeht.
660 3450 2048 3698 ende een drejarigh verhande..
656 3659 2650 3860 de sergeanten herman uijt, ende Carel
-8 3711 654 3905 Naguansnit en Cal
2 3851 630 3985 fanie beijde Vaerdigs
652 3845 2773 4085 sanmie d’ eerste gebruijckt werdende tot opper hooft
-2 3939 600 4085 met 40. gl. 3. Iaer
617 3990 2810 4219 op Wanado: en d’ andere als vaendrigh aen't Casteel
2479 4244 2814 4388 Orangse
