2981 4776
2588 -35 2753 137 79
2711 161 2808 334 7
176 243 810 488 ja
1539 197 1804 485 i0
61 605 1723 860 dn ter et oe en  s: 1: 17
62 801 2143 947 Daegsmeester deser redejn plaen vanden
64 945 2173 1130 adriaen bemaenden, die wij op zijn persoet
132 1042 2254 1249 an het eundigen deeer lopende maent daer van
126 1159 2207 1384 onteiggen hebben, is adeliberans goefgevonden
2321 1209 2942 1395 Ian Horcules verkond
131 1340 2893 1513 te dedlijcken, ende onder de passvestelde deloningh te wegtmaeten
136 1459 2714 1650 vanntig rijcxd: der maent weder aentenemen denr stede
70 1543 2229 1765 den borge In Percules van grenningen, v
143 1677 2394 1879 den raeleurdigh man en die voor desen jnde provintie
117 1794 2226 1966 vanda versohede bingerlijcke de dienipen dan
141 1923 1939 2068 aendien hetf waer genomen, ende bebleet
356 2122 2180 2379 Dewijl de vellen ende andere waeren dije
141 2308 2222 2455 een beboode vanden japanden handel totvlan t
146 2398 2376 2609 voorraet sullen m, niet meer enmen te bedragen
2274 2456 2872 2677 Inde fluijt thuijs te
139 2589 2207 2718 als onge vaer vijfftigsduijsent guldensoo is na
2300 2634 2938 2747 spijck. gaende over siam
2282 2701 2835 2810 na Iapan te laden
70 2681 2236 2883 deberatie ggetgevonden, en verstaen, in het fluijt
2297 2722 2942 2883 300 balen Bengaelse
2291 2848 2966 2967 en 200 packen Toncquins
143 2818 2172 3021 schiphuijs de spijck twelck op6:e deser tot
2329 2912 2599 3035 zij
150 2940 2363 3077 oeeden van deselve siambe waeren ons aengelegdt
157 3083 2330 3208 nogh te doen afladeln, behondert baalen ben gaelde
120 3188 2228 3385 en twee handert baalen Concqumte zijde om
139 3306 2333 3519 alsoo te verdelen het gevaer ter zee van sodanigen
103 3451 2334 3666 Cargasoen als Eerlange tot den gemelten japansen
141 3565 2202 3736 Vandes gepropateert, ende van hier directelijck
152 3704 1333 3909 afgesonden zal werden.
1763 3931 1997 4090 het
1494 4301 1628 4441 93
1173 4511 1415 4708 1
