<?xml version="1.0" encoding="UTF-8" standalone="yes"?>
<PcGts xmlns="http://schema.primaresearch.org/PAGE/gts/pagecontent/2013-07-15" xmlns:xsi="http://www.w3.org/2001/XMLSchema-instance" xsi:schemaLocation="http://schema.primaresearch.org/PAGE/gts/pagecontent/2013-07-15 http://schema.primaresearch.org/PAGE/gts/pagecontent/2013-07-15/pagecontent.xsd">
    <Metadata>
        <Creator>prov=University of Rostock/Institute of Mathematics/CITlab|PLANET AI GmbH/Gundram Leifert/gundram.leifert@planet-ai.de:name=IJsberg(htr_id=20209)::::v=2.6.6
prov=University of Rostock/Institute of Mathematics/CITlab|PLANET AI GmbH/Tobias Gruening/tobias.gruening@planet-ai.de:name=de.uros.citlab.module.baseline2polygon.B2PSeamMultiOriented:v=2.6.6
prov=University of Rostock/Institute of Mathematics/CITlab|PLANET AI GmbH/Tobias Gruening/tobias.gruening@planet-ai.de:name=/net_tf/LA73_249_0mod360.pb:de.uros.citlab.segmentation.CITlab_LA_ML:v=2.6.6
Transkribus</Creator>
        <Created>2020-09-07T11:01:03.025+07:00</Created>
        <LastChange>2020-09-07T10:00:15.423+02:00</LastChange>
        <TranskribusMetadata docId="471693" pageId="19516939" pageNr="27" tsid="39403549" status="IN_PROGRESS" userId="15017" imgUrl="https://files.transkribus.eu/Get?id=TNJKCKXOMZNZPIIECSKHYPRJ&amp;fileType=view" xmlUrl="https://files.transkribus.eu/Get?id=WDXJRHSAQBTGYJJVPJLRXVJD" imageId="15083900"/>
    </Metadata>
    <Page imageFilename="ID-ANRI_K66a_889_27.jpg" imageWidth="2930" imageHeight="4734">
        <ReadingOrder>
            <OrderedGroup id="ro_1620455872827" caption="Regions reading order">
                <RegionRefIndexed index="0" regionRef="r1"/>
                <RegionRefIndexed index="1" regionRef="r2"/>
                <RegionRefIndexed index="2" regionRef="r3"/>
            </OrderedGroup>
        </ReadingOrder>
        <TextRegion orientation="0.0" id="r1" custom="readingOrder {index:0;}">
            <Coords points="26,536 26,689 62,689 62,536"/>
            <TextLine id="r1l1" custom="readingOrder {index:0;}">
                <Coords points="11,641 74,649 78,602 59,601 38,579 17,575"/>
                <Baseline points="26,636 62,639"/>
                <TextEquiv>
                    <Unicode></Unicode>
                </TextEquiv>
            </TextLine>
            <TextEquiv>
                <Unicode></Unicode>
            </TextEquiv>
        </TextRegion>
        <TextRegion orientation="0.0" id="r2" custom="readingOrder {index:1;}">
            <Coords points="81,311 81,4513 2345,4513 2345,311"/>
            <TextLine id="r2l1" custom="readingOrder {index:0;}">
                <Coords points="147,397 482,466 1031,423 1147,504 1519,424 2193,464 2326,396 2327,221 2141,264 1867,190 1711,289 1304,331 850,178 148,195"/>
                <Baseline points="161,381 268,389 376,396 483,400 591,404 698,407 806,408 913,410 1021,410 1128,410 1236,410 1344,410 1451,408 1559,408 1666,407 1774,407 1881,407 1989,407 2096,408 2204,410 2312,413"/>
                <TextEquiv>
                    <Unicode>De disrg hae ta pecke vanden Reeier radrs</Unicode>
                </TextEquiv>
            </TextLine>
            <TextLine id="r2l2" custom="readingOrder {index:1;}">
                <Coords points="179,555 642,622 883,556 2042,611 2295,561 2275,453 1665,519 1452,452 179,461"/>
                <Baseline points="192,551 296,552 401,554 505,555 610,555 714,557 819,557 923,557 1028,558 1132,558 1237,558 1341,558 1446,557 1550,557 1655,557 1759,557 1864,557 1968,557 2073,557 2177,557 2282,557"/>
                <TextEquiv>
                    <Unicode>Joann schoorhem mits het eondigen van zijn verbonden</Unicode>
                </TextEquiv>
            </TextLine>
            <TextLine id="r2l3" custom="readingOrder {index:2;}">
                <Coords points="177,720 1771,771 2065,712 2226,772 2284,761 2286,570 2163,644 1700,585 1539,664 1321,596 178,620"/>
                <Baseline points="191,687 295,689 399,692 503,693 607,695 711,696 815,696 919,698 1023,698 1127,699 1231,699 1335,699 1439,701 1543,701 1647,701 1751,702 1855,702 1959,704 2063,705 2167,707 2271,708"/>
                <TextEquiv>
                    <Unicode>eijtverbrings van gagie de nsten hebbel nogh</Unicode>
                </TextEquiv>
            </TextLine>
            <TextLine id="r2l4" custom="readingOrder {index:3;}">
                <Coords points="168,835 387,892 1161,850 1438,924 1516,852 1748,933 1879,848 2317,858 2290,753 1635,797 1195,718 1111,786 765,730 634,790 169,705"/>
                <Baseline points="182,833 288,835 394,837 500,839 606,840 712,842 818,842 924,843 1030,843 1136,843 1243,843 1349,843 1455,843 1561,843 1667,843 1773,843 1879,843 1985,845 2091,845 2197,846 2304,846"/>
                <TextEquiv>
                    <Unicode>wat tij ellen en eerst aftewaghten een geuij.</Unicode>
                </TextEquiv>
            </TextLine>
            <TextLine id="r2l5" custom="readingOrder {index:4;}">
                <Coords points="180,1040 1491,987 2143,1051 2282,1013 2282,929 1952,871 1400,962 1059,851 873,932 491,887 180,945"/>
                <Baseline points="195,996 298,995 402,993 505,993 609,992 713,992 816,992 920,992 1024,993 1127,993 1231,993 1335,995 1438,995 1542,995 1646,995 1749,995 1853,995 1957,995 2060,993 2164,992 2268,990"/>
                <TextEquiv>
                    <Unicode>nisse vande H:r Gouverneur. oft zijn Eerw: sigh</Unicode>
                </TextEquiv>
            </TextLine>
            <TextLine id="r2l6" custom="readingOrder {index:5;}">
                <Coords points="2201,1169 2215,1166 2229,1169 2246,1165 2219,1035 2205,1038 2192,1029 2173,1033"/>
                <Baseline points="2211,1142 2226,1139"/>
                <TextEquiv>
                    <Unicode></Unicode>
                </TextEquiv>
            </TextLine>
            <TextLine id="r2l7" custom="readingOrder {index:6;}">
                <Coords points="195,1184 337,1134 725,1212 1149,1138 1476,1213 1582,1150 2042,1197 2211,1153 2211,1023 1779,1108 1515,1003 872,1077 512,993 196,1079"/>
                <Baseline points="210,1145 309,1145 408,1145 507,1145 607,1145 706,1146 805,1146 905,1146 1004,1148 1103,1148 1203,1148 1302,1149 1401,1149 1500,1149 1600,1149 1699,1149 1798,1148 1898,1148 1997,1146 2096,1145 2196,1143"/>
                <TextEquiv>
                    <Unicode>us leeren vende jnlaude Cale, also veel zal hovens</Unicode>
                </TextEquiv>
            </TextLine>
            <TextLine id="r2l8" custom="readingOrder {index:7;}">
                <Coords points="169,1346 576,1291 1117,1391 1225,1307 1494,1291 1869,1392 2018,1294 2289,1273 2289,1184 2164,1232 1876,1156 1438,1253 1252,1154 725,1216 314,1135 168,1200"/>
                <Baseline points="182,1283 286,1286 391,1289 496,1290 600,1292 705,1293 810,1293 914,1295 1019,1295 1124,1295 1229,1295 1333,1293 1438,1292 1543,1290 1647,1289 1752,1287 1857,1284 1961,1281 2066,1279 2171,1275 2276,1272"/>
                <TextEquiv>
                    <Unicode>geeeffent als ht vereijfht, ende den dienste rende</Unicode>
                </TextEquiv>
            </TextLine>
            <TextLine id="r2l9" custom="readingOrder {index:8;}">
                <Coords points="171,1483 351,1464 567,1542 869,1462 991,1506 1352,1454 1610,1507 1673,1487 1674,1327 1565,1349 1460,1290 1116,1393 845,1312 698,1390 653,1348 601,1398 171,1400"/>
                <Baseline points="185,1431 258,1433 332,1434 406,1434 479,1436 553,1437 627,1437 700,1439 774,1439 848,1439 922,1440 995,1440 1069,1440 1143,1440 1216,1439 1290,1439 1364,1437 1437,1436 1511,1434 1585,1433 1659,1430"/>
                <TextEquiv>
                    <Unicode>gemeente desu Cistijs nodigh is</Unicode>
                </TextEquiv>
            </TextLine>
            <TextLine id="r2l10" custom="readingOrder {index:9;}">
                <Coords points="259,1692 2300,1664 2300,1523 1729,1588 1618,1501 1468,1584 964,1514 700,1593 259,1492"/>
                <Baseline points="272,1647 372,1647 473,1647 573,1647 674,1647 775,1647 875,1649 976,1649 1077,1650 1177,1650 1278,1652 1379,1652 1479,1652 1580,1652 1681,1653 1781,1653 1882,1652 1983,1652 2083,1650 2184,1650 2285,1647"/>
                <TextEquiv>
                    <Unicode>Den oecksouder wannes de san, bedienende het</Unicode>
                </TextEquiv>
            </TextLine>
            <TextLine id="r2l11" custom="readingOrder {index:10;}">
                <Coords points="181,1815 822,1814 935,1884 1138,1819 2124,1840 2305,1813 2306,1719 182,1723"/>
                <Baseline points="194,1784 298,1785 403,1788 508,1790 613,1791 718,1793 823,1794 928,1795 1033,1796 1138,1797 1243,1797 1347,1797 1452,1799 1557,1799 1662,1799 1767,1799 1872,1800 1977,1800 2082,1800 2187,1800 2292,1800"/>
                <TextEquiv>
                    <Unicode>aipt van secretaris vanden raadt van sut drie dot.</Unicode>
                </TextEquiv>
            </TextLine>
            <TextLine id="r2l12" custom="readingOrder {index:11;}">
                <Coords points="199,1962 1940,2005 2336,1975 2337,1889 200,1831"/>
                <Baseline points="212,1931 317,1931 423,1931 528,1932 634,1932 740,1932 845,1933 951,1934 1056,1934 1162,1935 1268,1935 1373,1937 1479,1937 1584,1938 1690,1938 1796,1940 1901,1941 2007,1943 2112,1944 2218,1946 2324,1947"/>
                <TextEquiv>
                    <Unicode>Colombo, doe te voegen de qualnejt van onder coopman</Unicode>
                </TextEquiv>
            </TextLine>
            <TextLine id="r2l13" custom="readingOrder {index:12;}">
                <Coords points="175,2076 2009,2154 2171,2125 2172,2019 1667,1979 1470,2032 1382,1973 1109,2040 728,1959 588,2046 175,2023"/>
                <Baseline points="188,2070 286,2073 384,2076 483,2079 581,2081 680,2082 778,2084 876,2085 975,2087 1073,2088 1172,2089 1270,2090 1368,2090 1467,2091 1565,2091 1664,2091 1762,2091 1860,2091 1959,2091 2057,2090 2156,2090"/>
                <TextEquiv>
                    <Unicode>met 3. guldens er maent onder, een vijffjarigh</Unicode>
                </TextEquiv>
            </TextLine>
            <TextLine id="r2l14" custom="readingOrder {index:13;}">
                <Coords points="187,2229 315,2229 428,2255 465,2233 596,2284 601,2112 545,2108 394,2173 347,2169 273,2131 189,2165"/>
                <Baseline points="200,2226 225,2226 251,2226 277,2226 302,2226 328,2226 354,2226 379,2228 405,2228 431,2228 456,2229 482,2230 508,2231 533,2234 559,2234 585,2237"/>
                <TextEquiv>
                    <Unicode>verbande.</Unicode>
                </TextEquiv>
            </TextLine>
            <TextLine id="r2l15" custom="readingOrder {index:14;}">
                <Coords points="68,2440 450,2524 614,2442 1737,2461 1894,2543 2022,2452 2310,2571 2312,2329 2212,2309 1790,2392 1547,2315 1344,2392 69,2327"/>
                <Baseline points="81,2426 191,2433 302,2441 413,2445 524,2450 635,2453 746,2455 856,2456 967,2457 1078,2457 1189,2457 1300,2457 1411,2457 1522,2456 1632,2454 1743,2454 1854,2454 1965,2454 2076,2454 2187,2456 2298,2457"/>
                <TextEquiv>
                    <Unicode>den desseve Willem vander Weolen, te ontslaen van</Unicode>
                </TextEquiv>
            </TextLine>
            <TextLine id="r2l16" custom="readingOrder {index:15;}">
                <Coords points="166,2616 1463,2655 1597,2592 2295,2663 2296,2558 2027,2500 1741,2559 1428,2474 890,2557 605,2449 438,2540 166,2516"/>
                <Baseline points="180,2576 285,2581 390,2585 495,2589 600,2591 705,2594 810,2595 915,2597 1020,2597 1125,2598 1231,2598 1336,2597 1441,2597 1546,2597 1651,2597 1756,2597 1861,2597 1966,2597 2071,2597 2176,2597 2282,2598"/>
                <TextEquiv>
                    <Unicode>het jongstejarige verbandt, om hem in zijn goeden</Unicode>
                </TextEquiv>
            </TextLine>
            <TextLine id="r2l17" custom="readingOrder {index:16;}">
                <Coords points="183,2771 2093,2768 2094,2693 1601,2598 1420,2691 1099,2619 832,2695 558,2632 419,2676 317,2608 184,2671"/>
                <Baseline points="198,2724 292,2726 386,2729 480,2730 574,2732 668,2733 762,2735 856,2736 950,2736 1044,2738 1138,2739 1232,2739 1326,2739 1420,2739 1514,2741 1608,2741 1702,2739 1796,2739 1890,2739 1984,2738 2079,2738"/>
                <TextEquiv>
                    <Unicode>ijver ten dienste der E Comp:e nogh meer aente</Unicode>
                </TextEquiv>
            </TextLine>
            <TextLine id="r2l18" custom="readingOrder {index:17;}">
                <Coords points="96,2893 221,2870 389,2936 473,2874 775,2919 1299,2902 1301,2760 937,2833 827,2787 693,2821 503,2741 97,2785"/>
                <Baseline points="111,2858 169,2861 228,2864 287,2866 346,2868 405,2870 463,2870 522,2871 581,2871 640,2873 699,2873 757,2873 816,2873 875,2873 934,2874 993,2874 1051,2875 1110,2876 1169,2877 1228,2879 1287,2882"/>
                <TextEquiv>
                    <Unicode>moadigen, en opte wecken.</Unicode>
                </TextEquiv>
            </TextLine>
            <TextLine id="r2l19" custom="readingOrder {index:18;}">
                <Coords points="172,3072 2249,3084 2249,2898 1878,2903 1661,3016 1293,2894 1010,2896 685,3009 173,2925"/>
                <Baseline points="186,3044 288,3048 390,3051 493,3053 595,3054 698,3056 800,3056 903,3057 1005,3057 1108,3056 1210,3056 1312,3056 1415,3054 1517,3054 1620,3053 1722,3053 1825,3053 1927,3053 2030,3054 2132,3056 2235,3057"/>
                <TextEquiv>
                    <Unicode>Aenaende de de doene versogingh van qualiteijten</Unicode>
                </TextEquiv>
            </TextLine>
            <TextLine id="r2l20" custom="readingOrder {index:19;}">
                <Coords points="177,3176 1141,3197 1327,3262 1485,3191 2256,3230 2257,3080 1014,3138 926,3079 404,3128 297,3066 177,3126"/>
                <Baseline points="191,3171 293,3176 396,3180 498,3184 601,3186 703,3188 806,3189 908,3191 1011,3191 1113,3191 1216,3191 1318,3191 1421,3191 1523,3191 1626,3191 1728,3191 1831,3191 1933,3191 2036,3192 2138,3195 2241,3197"/>
                <TextEquiv>
                    <Unicode>aen ’s Comp:s dienaren bescheijden, onder het gouvernem„t</Unicode>
                </TextEquiv>
            </TextLine>
            <TextLine id="r2l21" custom="readingOrder {index:20;}">
                <Coords points="190,3331 2294,3335 2253,3224 628,3283 470,3191 190,3192"/>
                <Baseline points="203,3312 306,3315 410,3317 514,3319 618,3320 722,3321 826,3321 929,3321 1033,3321 1137,3321 1241,3321 1345,3321 1449,3321 1553,3321 1656,3321 1760,3322 1864,3323 1968,3324 2072,3326 2176,3327 2280,3330"/>
                <TextEquiv>
                    <Unicode>van Ceijlon; Is, om de gewightigheijt, en grooten ommi„</Unicode>
                </TextEquiv>
            </TextLine>
            <TextLine id="r2l22" custom="readingOrder {index:21;}">
                <Coords points="181,3477 996,3467 1165,3542 1384,3462 2271,3469 2083,3353 1719,3328 957,3426 181,3366"/>
                <Baseline points="194,3449 297,3454 400,3458 503,3461 606,3462 710,3464 813,3464 916,3464 1019,3462 1122,3461 1226,3459 1329,3459 1432,3458 1535,3456 1638,3455 1742,3455 1845,3455 1948,3456 2051,3458 2154,3460 2258,3464"/>
                <TextEquiv>
                    <Unicode>slagh, van het selve, mitsgaders het genoegen dat de</Unicode>
                </TextEquiv>
            </TextLine>
            <TextLine id="r2l23" custom="readingOrder {index:22;}">
                <Coords points="182,3628 2253,3654 2254,3537 2009,3574 1406,3463 945,3569 807,3482 183,3526"/>
                <Baseline points="197,3587 299,3593 401,3597 503,3600 605,3602 707,3605 809,3606 912,3607 1014,3608 1116,3608 1218,3608 1320,3609 1422,3609 1524,3609 1627,3609 1729,3609 1831,3611 1933,3611 2035,3613 2137,3615 2240,3618"/>
                <TextEquiv>
                    <Unicode>heere gouverneur, ons is gevende, verstaen, van onse</Unicode>
                </TextEquiv>
            </TextLine>
            <TextLine id="r2l24" custom="readingOrder {index:23;}">
                <Coords points="171,3734 406,3796 518,3741 2178,3788 2358,3768 2360,3657 1472,3673 1329,3610 990,3703 172,3637"/>
                <Baseline points="186,3722 299,3728 413,3731 526,3735 640,3738 754,3740 867,3741 981,3743 1095,3743 1208,3744 1322,3744 1435,3744 1549,3744 1663,3746 1776,3747 1890,3749 2004,3750 2117,3754 2231,3758 2345,3764"/>
                <TextEquiv>
                    <Unicode>oude gewoonte wat aftewijcken, ende zijn E: benevens</Unicode>
                </TextEquiv>
            </TextLine>
            <TextLine id="r2l25" custom="readingOrder {index:24;}">
                <Coords points="78,3885 1822,3905 2101,3988 2252,3928 2252,3820 2128,3772 2036,3832 1837,3764 1163,3833 79,3766"/>
                <Baseline points="92,3863 199,3867 306,3870 413,3873 521,3876 628,3878 735,3879 842,3881 950,3882 1057,3882 1164,3884 1271,3884 1379,3884 1486,3884 1593,3884 1700,3884 1808,3885 1915,3885 2022,3885 2129,3885 2237,3887"/>
                <TextEquiv>
                    <Unicode>den raadt, toe te staen, dat van nu voortaen op onse</Unicode>
                </TextEquiv>
            </TextLine>
            <TextLine id="r2l26" custom="readingOrder {index:25;}">
                <Coords points="1871,4121 1985,4160 2096,4122 2143,4155 2207,4150 2276,4106 2307,4106 2307,4009 2271,4003 2176,4036 2129,4019 2096,4052 2041,4038 1971,4055 1927,4041 1871,4063"/>
                <Baseline points="1884,4103 1909,4105 1935,4109 1960,4110 1986,4112 2012,4112 2037,4113 2063,4112 2089,4112 2114,4112 2140,4110 2165,4110 2191,4110 2217,4109 2242,4109 2268,4109 2294,4110"/>
                <TextEquiv>
                    <Unicode>approbatie</Unicode>
                </TextEquiv>
            </TextLine>
            <TextLine id="r2l27" custom="readingOrder {index:26;}">
                <Coords points="1155,4487 1184,4478 1210,4494 1225,4484 1258,4480 1271,4495 1330,4496 1339,4358 1281,4351 1240,4379 1235,4373 1212,4385 1193,4373 1163,4371"/>
                <Baseline points="1170,4469 1199,4466 1228,4466 1258,4468 1287,4472 1317,4478"/>
                <TextEquiv>
                    <Unicode>157</Unicode>
                </TextEquiv>
            </TextLine>
            <TextEquiv>
                <Unicode>De disrg hae ta pecke vanden Reeier radrs
Joann schoorhem mits het eondigen van zijn verbonden
eijtverbrings van gagie de nsten hebbel nogh
wat tij ellen en eerst aftewaghten een geuij.
nisse vande H:r Gouverneur. oft zijn Eerw: sigh

us leeren vende jnlaude Cale, also veel zal hovens
geeeffent als ht vereijfht, ende den dienste rende
gemeente desu Cistijs nodigh is
Den oecksouder wannes de san, bedienende het
aipt van secretaris vanden raadt van sut drie dot.
Colombo, doe te voegen de qualnejt van onder coopman
met 3. guldens er maent onder, een vijffjarigh
verbande.
den desseve Willem vander Weolen, te ontslaen van
het jongstejarige verbandt, om hem in zijn goeden
ijver ten dienste der E Comp:e nogh meer aente
moadigen, en opte wecken.
Aenaende de de doene versogingh van qualiteijten
aen ’s Comp:s dienaren bescheijden, onder het gouvernem„t
van Ceijlon; Is, om de gewightigheijt, en grooten ommi„
slagh, van het selve, mitsgaders het genoegen dat de
heere gouverneur, ons is gevende, verstaen, van onse
oude gewoonte wat aftewijcken, ende zijn E: benevens
den raadt, toe te staen, dat van nu voortaen op onse
approbatie
157</Unicode>
            </TextEquiv>
        </TextRegion>
        <TextRegion orientation="0.0" id="r3" custom="readingOrder {index:2;}">
            <Coords points="2634,31 2634,316 2763,316 2763,31"/>
            <TextLine id="r3l1" custom="readingOrder {index:0;}">
                <Coords points="2663,113 2679,111 2695,126 2709,127 2729,117 2750,138 2759,133 2775,134 2781,51 2767,50 2756,38 2745,40 2725,55 2714,46 2689,48 2667,43"/>
                <Baseline points="2676,116 2705,111 2734,116 2763,119"/>
                <TextEquiv>
                    <Unicode>27</Unicode>
                </TextEquiv>
            </TextLine>
            <TextLine id="r3l2" custom="readingOrder {index:1;}">
                <Coords points="2620,316 2634,316 2659,338 2678,333 2692,347 2720,341 2745,344 2745,202 2687,202 2675,213 2651,202 2642,208 2620,208"/>
                <Baseline points="2634,276 2666,276 2698,276 2730,276"/>
                <TextEquiv>
                    <Unicode>27</Unicode>
                </TextEquiv>
            </TextLine>
            <TextEquiv>
                <Unicode>27
27</Unicode>
            </TextEquiv>
        </TextRegion>
    </Page>
</PcGts>
