2972 4752
33 1591 85 1771 1
62 -94 147 71 5
2605 78 2829 247 28.9
2618 224 2884 440 ƒ287
163 235 364 452 6
321 275 2486 539 waagt 10 december A:o 1672.
590 458 812 637 8
262 701 2343 967 delets En bd: De dem: generael Rckloff van
155 933 2233 1084 goens de vergoaderingh bekent gemaeckt toe dat
191 1033 2270 1277 bij in voedalings van ogete geeeld:, den 6: deser„
207 1186 2328 1416 voor, geeckeningh vande Camp:e ende den besoeve
2362 1277 2905 1451 twee Tagies en 2:
218 1394 2861 1564 vande provintie Banda solde ngehoopt 2 bequame jontings door
2368 1461 2911 1605 d H: dirct: generael
211 1451 2246 1670 en sufficante aertuijgen, ’t eene pen Jaghje gr
2362 1569 2930 1734 voor de Compingtbagt
2381 1654 2715 1800 Voorbanda
203 1599 2386 1789 ongevaeren der lasten voor 1800: rijcxdaelders tandere
197 1764 2215 1970 een alqup groot omtrent vijsfe slatten voor
207 1897 2304 2081 1200: rxd:s benevens nogs twee nieuwe tmangs
209 2039 2314 2244 ofte contings beijde voor . . . . . . rjxd„s dewelck dan
209 2165 2278 2381 sodanigh voor wel gedaan geoorderl en aengesien
197 2301 2250 2514 zijnde /soo is oock gesgevonden, en verstaen, de
198 2441 2285 2669 gemelte Chaloup, die nogh geen naem heft te so
2315 2404 2925 2652 en die segel gemen
2329 2553 2926 2758 d Regt en de seing
201 2564 2345 2816 noemen de rogh, ende de naem van het geerst genoemde
152 2697 2275 2955 Jagsje zijnde de Schelvis, de veranderen de
94 2869 2272 3032 spierings, om voor dekomen alle verwerringen die
42 2953 2400 3234 door geljckbeijt van namen soude konnen ontstaen„
188 3089 2358 3301 alsoo hier nogs den Jaght de schelvis genaemt, ten
205 3230 2053 3405 jegenwoordigh in't vaerwader bevonden wert
195 3407 2326 3686 In voldoeningh vande ordre en jntentie onter heren
148 3620 2214 3778 principalen, om de schepen door daer E: E:
187 3727 2297 3984 tot overvoer van behoeften, en noodtwendigheden
178 3861 2130 4095 na Jndia Jngebbirt, noetten eersten weder te
165 3995 2317 4240 ragge te zenden, en te laten repatrieren, op dat
1987 4187 2311 4405 d’ E:
