2982 4754
85 33 252 162 823
175 123 428 289 220
551 33 2866 516 Van Jaan 4:n Septomber Ao 1677.
668 626 2813 898 Om verscheijde redenen en jntighten is goetgevonden
14 708 681 891 het Lodern van En busf
7 854 613 1012 door dese vergaderinght
644 803 2798 1041 en verstaen het schuijven, off zenden van een breeff van
12 950 627 1089 aen Ragia singa geen
639 960 2748 1174 hier na Ceijlon, aen Ragia Binga, gelijck bij reschitie
7 1044 606 1185 voortganck te laten
8 1138 288 1292 nemen.
638 1080 2750 1318 van 26:e der voorleden maent is vast gestelt, als nu
649 1238 2784 1459 geen voortganck te laten nemen, maer nogh wat uijt te
629 1368 2863 1587 stellen, dogh egster, met die meeningh, dat de aenbiedingh
631 1508 2655 1731 van sodanige Landen, aen zijn gem:t 1Eap:s als bij
530 1655 2748 1861 deselve resolutie staen uijtgedruckt, sal geschieden
11 1742 553 1941 dogh de aenbiedingh
640 1767 2739 2016 door een vrundelijcke, missive vande l:r gouvern: op
14 1893 572 2033 der handen aen zijn
591 1918 669 2034 Ej
8 1967 2755 2146 Maijes door den Goueereijlon, met bekentmakingh van daer toe door dese
20 2067 2763 2324 van Ceijlon, te laten vergaderingh gelast te zijn, en verdere versekeringh
15 2139 195 2303 deer.
2702 2241 2753 2326 9
636 2213 2742 2415 van onse opregste genegentheijt, tot zijn maeijes:
520 2326 2778 2571 dienst, en het welvaeren van zijne onderdanen mits„
523 2493 2809 2689 gaders, dat niet liever en souden sien dan dat alle
647 2627 2616 2857 begane misslagen, en weder zijdse geschillen voor
637 2747 2878 2951 eenwigh moghten worden pergeten, ende uijt de gedaghten
628 2942 1126 3105 geroeijt R:
657 3031 2522 3321 Batavia in't Casteel aatum als boven
1653 3251 2614 3550 Joan aetsuijker
1969 3464 2596 3692 van goens
589 3547 1067 3723 arolt
1504 3605 2418 3862 Gauwant Pit
1657 3802 2756 4003 p: A. Bertwater
530 3653 986 4005 ae
1643 3925 2423 4163 Poantin Past
390 4066 1007 4290 Van Camptuijs
1799 4109 2654 4396 Sa van Hoogen
337 4270 743 4526 Jr
2834 4480 2948 4624 -.
