2932 4737
39 73 117 204 13
43 191 165 324 12
2575 121 2815 385 2j:
579 265 2715 586 om die vlaevt wederom met deen Capa ng toij
591 525 2762 747 tesuppeeren, waer op dan na deliberatie met eenjarige
578 683 2745 900 gemmen, tot Secretaris deser vergaderinge is verkoren
581 805 2671 1035 den gemelde E: van Camphuijs die voor heen lange.
591 998 2563 1219 Jaeren, deser secretarije inwerdzeijde functien, en
594 1143 2744 1343 als eere lerck t volkomen genoegen heeft bedient
619 1319 2632 1535 en nu jngst de Japanse Nlegotie driemael als
598 1502 2771 1716 opperhooft, met bijsondere opmerckinge heeft waergenomen.
578 1646 2711 1894 tegenwoordigh een lits zijnde jnden aghtbaren raadt
597 1807 1723 2072 van Justitie, deses Casteelt.
519 2023 2712 2362 Batavia nt Casteel datum iet ante
1592 2327 2390 2576 Joan Maetsuijker
1695 2459 2424 2806 Van goes:
1580 2685 2457 2916 Zadenont het
1724 2859 2671 3025 p.A. vertwater.
1715 3072 2502 3345 Contanten Prasp
1762 3285 2556 3528 De Siete: Van Hoopen
1769 3537 2490 3892 Maarhioen
