2998 4740
60 52 231 277 1
89 309 2459 520 Sinsaagh 2=r Junij A=o 162
215 631 2336 914 Bij gelegentheijt dat een Engel scheefje, van
208 827 2388 1040 Pantam na formaza, staet te vertrecken, is goetgevenden
221 913 2333 1132 met hetselve afte zenden, tot onderstandt van de onse
144 1040 2381 1256 dies op dat Eijlandt onder de Chijnele regeringe aldaer
213 1182 2378 1410 nogh gevangen sitten, ende groote armoed zijn lijdende,
212 1282 2284 1511 een somma van driehondert spaenle realen, benevens
192 1418 2410 1617 eenige geeijschte medicamenten, latende deselve verzelt
208 1518 2379 1758 gaen met den briefjen, soo tot beantwoordingh, van het
194 1620 2389 1889 schrijven dat wij op den 25.e maert, jongstleden van haer
79 1770 2365 1977 hebben ontfangen als om die ongeluckige menschen
202 1924 2422 2105 in zaehen Ellendigen, en bedroefden staet te vertroosten
265 1975 2358 2213 ngeen ehendest vaecken, dat voor zoo veel het
147 2116 2395 2356 Conpt opect oer kan) geen midderen tot haere
183 2264 2045 2461 verlosfingh: zijn ofte sullen, werden versuijmt
383 2483 2390 2768 nader genrecken overblagh vande Coopmanschappen
195 2670 2262 2869 tot den japanse handel alsier jn voorraet leggende
174 2773 2152 2972 bevonden zijnde, dat deselve met de 800 baelen
186 2894 2203 3112 bengaelse, en 1018½ packen Toncquinse zijde, die
184 3001 2232 3249 op 30:' april jongstleden, tot gemelte Nlegotie zijn
172 3133 2232 3344 geprojecteert niet en sullen konnen uijtmaecken
178 3260 2343 3483 een Capitael van 10 Connen gouts, gelijck als doen
178 3433 2324 3614 bij resolutie is vastgestelt, soo is na deliberatie goet
177 3512 2319 3731 gevonden, de quantiteijt bengaelse zijde te vergroten
145 3659 2320 3832 tot op 1000: baelen zullende als dan nogh ongevaer
143 3782 1777 3967 600: bijde packhuijsen overblijven.
2702 80 2858 209 107
2705 219 2872 370 107
2442 808 2893 1007 300 jadaelders
2408 930 3005 1102 en eenige medicamenti
2400 1052 3009 1182 nevens een briefken
2399 1137 2968 1245 aen onse gerangens
2393 1200 2980 1323 op formoza de
2408 1261 2927 1387 Henden met een
2411 1337 2884 1494 Engels scheepje.
2345 2763 2853 2952 nogh 200 balen
2321 2925 2887 3053 Bengaelse Zijde
2333 3010 2935 3119 boven de Vastgestelde
2326 3077 2890 3221 800. na Iapan te-
2336 3147 2657 3295 Zinden
