2955 4729
32 -28 187 112 116
163 112 337 294 „116
590 90 2668 486 Dijnsdagh 8:e Iunij A„o 16225
562 520 2637 770 Vande 2 na Iapan gedestineerde schepen 't wapen van
655 667 2751 882 Wliddelburgh, ende schielandt, die nuten merendele af„
18 735 633 892 ’t wapen van middelburg
642 814 2706 959 geladen leggenen alleen maer wagsten, na parthij
19 845 644 1010 voor off na Iapan appi
18 921 327 1089 vierdlgen.
648 955 2875 1092 grove Cormandelse lijwaten, is goetgevonden het eerstgenoemde
649 1052 2783 1236 schip omtrent 15 deser met het nieuwe opperhooft den E:
654 1153 2833 1312 albert vrevinck voor affde zenden, latende schielandt
22 1157 656 1394 en Schielands na eenig
663 1266 2719 1430 nogh wat vertoeven na de gemelte lijnten, die alle
43 1323 572 1441 Cormandelse kleeden
29 1379 641 1550 Dogh wat op te houden
659 1354 2828 1575 uiren met het jaght de Getuwe, werden te gemoet gesien.
553 1481 2617 1688 dogh eghter met langer als tot het eijnde van dese
646 1606 1270 1792 lopende maent.
740 1727 2771 1934 Ende is wijders goetgevonden, ende versaen, dat alle
664 1907 2642 2081 de drieschepen, die bij behouden vaeren, desen Iaere
31 1870 653 2106 allede briene Papein
29 2055 609 2174 aengeleijde schepen
679 2019 2762 2184 in Japan staen te komen, met hun ladingen van Coper
31 2128 628 2247 na Malacca te laten
668 2168 2844 2325 gout b:a na Malacca, sullen gaen ende dat ter gelegener
30 2216 377 2345 vertrecken
651 2234 2646 2438 tijt van hier, een bequame bodem na het Eijlandt
640 2375 2752 2527 Tinaon, sal werden gesonden, om overtenemen, ende her„
649 2475 2760 2681 waerts te brengen, het afgaende opperhooft, den E: Dirck
647 2593 2681 2774 dehaes, en de vordere dienaren, die aen dat Comptoir
637 2711 2754 2896 dienst sullen hebben gedaen, als mede de copere Casjens
634 2802 2759 3014 voor Toncquin, en eenige provisien voor batavia, geeijscht.
582 2950 2652 3201 Batavia jet Casteel datum ut Supra
1833 3222 2791 3438 Joan Chaltsuyker
1992 3401 2722 3605 Jan goens
1906 3641 2770 3842 Zuevers Cit
1831 3787 2913 4023 p. Goortwater
1938 3944 2726 4142 Constantin Panst
2101 4063 2874 4278 Patentantoorn
1181 4260 2800 4508 Voan Camptuijs Aavihoon
2184 4413 2925 4696 ethem Volger,
1138 4456 1587 4682 10. r
