2979 4796
130 186 175 308 „
203 259 2268 517 vied als off die vande portngote Caleswelcen
166 481 2300 678 „getal merckljck grooter zij, en die als nu de
210 629 2270 832 jnlantse nieuwe trerck tot haer gebruijck
203 736 2342 912 hebben) boven haer wierden geextimeert soo
220 879 2345 1098 is goet gevonden, het versoeck, ende de voorstellingh
217 1023 2303 1229 van gemelte haer Eerw: toe te staen, ende
210 1139 2216 1342 voor deselve Maleijtse gemeente, buijten
244 1285 2394 1527 haeren laste, ende oock met soo weijnigh onkosten
208 1403 2213 1632 voor d' E Comp:s als mogelijck zij, te laten
206 1553 2313 1772 op maecken, een bequanie kercke, ofte predick
190 1697 2120 1927 plaetse, nemende daer toe uijt de gemelte
195 1841 2369 2079 gloord zijde van het Bospitaer de breete van
204 1984 2326 2164 24. voeten, gelijck het reeds is betimmert ende
200 2122 2306 2310 langs de straetde lengste van 100. voeten
183 2266 2344 2473 latende de tegenwoordige oude muuren nogh
191 2430 2267 2584 10½ weten rijsen, ofte hooer maken, ende daer
200 2542 2448 2749 aenen, el beel nieuw werck van 44. voeten
181 2613 2317 2923 inde voorndeleen leghte, en 28. voeten binnen
190 2822 2378 3052 ofte zuijdwaerto welck dan een genoeghsame
201 2968 2246 3207 ruijmte VE: eer gem: maleijtee gemeente
194 3104 793 3320 hdrat
982 3126 2315 3314 den dat aldaer oock voor de
156 3221 2360 3511 siecken tispeven hffn ende bij gelegentheijt, een
157 3415 661 3594 predicatie
1089 3438 2284 3619 bants zal konnen worden
166 3472 2301 3719 edenen e eelen Condeligs a aue
183 3682 2354 3907 Calculatie vanden fabrijck komen te kosten, niet
184 3797 2328 4047 meer als ongebeer twee duijsent rijcxdaelders,t
2760 90 2875 181 87
2729 200 2868 347 87
