2971 4752
133 117 677 310 292 292
645 162 2772 564 n  Masn et onder oendende i5.
58 319 653 552 den Pangn sge
46 507 645 632 Wonder d: Bet d=
778 470 2642 690 etgevonden op zijn vsaack toe tesaen met zijn
71 578 691 718 famintie de ambring
69 660 640 803 Geholieert voor
688 609 2765 855 fanulie, na ampoina te mogen versrecken, om sigh
89 740 625 898 Transport: en aft9
643 744 2763 985 aldaer de erneren, mids beveelende het ordinaire
686 881 1709 1131 kost. en transport gelp
675 1162 2828 1316 De opperhoofden van het sluijtocn tvandroeck als
683 1277 2893 1460 nu versoeckende om te meden geuieten, de orditiaere
730 1394 2817 1621 openne:s voor doldand spoedige voijagie uijt het
76 1453 621 1689 deverhoofden der
693 1539 2835 1744 vaderlaadten soo is goetgevenden haer toe te leggen
87 1637 579 1767 fleuijt nmes
51 1714 649 1824 voor gedane eitenise
773 1686 2708 1881 atbe tenke: zijnde den 5:e Januarij deses
765 1825 2766 2033 eers voorreeckendnge vande Camb z slandt
832 1977 2822 2212 zee gelopen; ende t den E: september verugstleden
682 2109 2139 2309 hierer che geanrid eert ƒs
997 2253 2029 2489 gsche „:
696 2335 2828 2599 dewijl geuight wert dae den Cpij 12 eaed pieuw
677 2532 2852 2741 die d’E Comp:e op placasser nu eenige Iaeren tot
69 2558 687 2783 de : auing
704 2652 2777 2893 ons besonden genoegen heeft gedient gegegen Eijf„
53 2736 709 2885 Macassar tot Continuati
48 2847 2784 3026 kruimeren onte van daer herwaerts over te komen, zoo is goot
56 2908 685 3053 Verbeteren tot 90. gl.
51 2987 489 3134 voor 3. Jabr
701 2961 2721 3202 gevonden ende veraem. hem tot verblijff aldae
697 3106 2625 3338 de aneren, ende tot dien eijnde toetevoegen
2748 3181 2825 3316 „
676 3245 2831 3474 een bedongh van g9 e guldens ver maent, om daer
676 3397 2795 3585 voor nogh drie agheer een volgende Iaeren te
509 3524 1668 3770 disenas
658 3840 2827 4093 Wijders gedelibereert zijnde op verscheijde soecken.
30 3831 650 4064 n Cuiniseed
48 4007 641 4194 aten van Amboun
666 4005 2865 4252 raeckende het gouvernement van Cmpoma, welckers
673 4194 2778 4395 brieven, ende vordere herwaerts gesondene papieren
2504 4368 2673 4494 nu
