2977 4753
2588 107 2771 218 273
2750 269 2822 381 7
2782 276 2893 394 3
208 122 2428 582 Van an e e dea e e aete j e te
168 480 2158 668 opgekomen om na het vaderlandt te vertrecken
161 598 2934 860 digh na der daer op hebbende beraden, en als nu veren ouder zuijterant
2286 745 2992 921 Pieter schaffert Wedrom
159 746 2230 982 soock doende majn zijn qualiteijt weder de mogen
2299 874 2847 976 in sijn vorige selve
2285 932 2909 1075 functie nar ampna
157 899 2199 1098 keren, na gemelde amben salwaer wij d’E Comp:e
2272 1020 2760 1170 te laaten keeren
173 1078 2198 1278 veese Jaeren tot onse goet genoegen heeft gedient
166 1208 2245 1402 soo is ma deliberaatie goetgevonden hem sulcks tot
160 1337 2278 1555 verstaen, met recommandatie bij aftezendene missive
155 1466 2261 1678 om op de bevorderingh van zijn persoon te bemen
148 1658 2189 1857 wanneer het de tijt, en gelegentheijt zal konnen
152 1719 583 1931 toe laten.
149 1857 2223 2124 aen d’ operhoofden, van’t schip america. is goetge
2233 1880 2871 2121 Doperhoffen van
2271 2073 2894 2203 schip america voor
145 2061 2142 2257 vonden op hun versoeck doerte egen de volle
2247 2157 2900 2298 gedane uijt Reijse volle
154 2218 2052 2433 prenne voor gedane ppoedige voijeegie uijt ht
2250 2231 2521 2368 Renne
184 2352 2285 2543 Vaderlands zijnde den 17:e mart desesaese
150 2477 2280 2698 voor reeckeningh vande Camen Boorn, uijt Edelandt
145 2569 2169 2812 jn zet gelopen, mitsgaders den 8:e septembere
153 2721 1622 2953 jongstleden hier ten rhede gearriveert.
1761 2786 2024 2971 „ 1
140 2919 2099 3149 Batavia Jnt fasteel datum als bovem
820 3071 1128 3300 On
1664 3238 2301 3426 1„
1823 3375 2459 3629 Van gesus
1783 3678 2477 3862 amet it
2082 3825 2522 4034 gewater
1524 3844 1825 4034 anp:
964 4232 1653 4517 Vaan Cameluj s2
1868 4200 2410 4564 Panter
981 4436 1295 4671 Cont
