<?xml version="1.0" encoding="UTF-8" standalone="yes"?>
<PcGts xmlns="http://schema.primaresearch.org/PAGE/gts/pagecontent/2013-07-15" xmlns:xsi="http://www.w3.org/2001/XMLSchema-instance" xsi:schemaLocation="http://schema.primaresearch.org/PAGE/gts/pagecontent/2013-07-15 http://schema.primaresearch.org/PAGE/gts/pagecontent/2013-07-15/pagecontent.xsd">
    <Metadata>
        <Creator>prov=University of Rostock/Institute of Mathematics/CITlab|PLANET AI GmbH/Gundram Leifert/gundram.leifert@planet-ai.de:name=IJsberg(htr_id=20209)::::v=2.6.6
prov=University of Rostock/Institute of Mathematics/CITlab|PLANET AI GmbH/Tobias Gruening/tobias.gruening@planet-ai.de:name=de.uros.citlab.module.baseline2polygon.B2PSeamMultiOriented:v=2.6.6
prov=University of Rostock/Institute of Mathematics/CITlab|PLANET AI GmbH/Tobias Gruening/tobias.gruening@planet-ai.de:name=/net_tf/LA73_249_0mod360.pb:de.uros.citlab.segmentation.CITlab_LA_ML:v=2.6.6
Transkribus</Creator>
        <Created>2020-09-07T11:01:07.300+07:00</Created>
        <LastChange>2020-09-07T10:13:46.676+02:00</LastChange>
        <TranskribusMetadata docId="471693" pageId="19517011" pageNr="99" tsid="39404534" status="IN_PROGRESS" userId="15017" imgUrl="https://files.transkribus.eu/Get?id=ATATCBJWLTTZFCWAJEZYDQAY&amp;fileType=view" xmlUrl="https://files.transkribus.eu/Get?id=UKZBOZIXYSQVRFFSLSTDJAKV" imageId="15083972"/>
    </Metadata>
    <Page imageFilename="ID-ANRI_K66a_889_99.jpg" imageWidth="2941" imageHeight="4708">
        <ReadingOrder>
            <OrderedGroup id="ro_1620455887574" caption="Regions reading order">
                <RegionRefIndexed index="0" regionRef="r1"/>
            </OrderedGroup>
        </ReadingOrder>
        <TextRegion orientation="0.0" id="r1" custom="readingOrder {index:0;}">
            <Coords points="120,42 120,4045 2913,4045 2913,42"/>
            <TextLine id="r1l1" custom="readingOrder {index:0;}">
                <Coords points="2617,132 2640,129 2669,149 2693,129 2716,123 2749,129 2779,125 2765,14 2724,29 2696,19 2685,34 2671,26 2651,28 2631,54 2608,57"/>
                <Baseline points="2633,113 2658,115 2683,114 2708,111 2733,106 2759,98"/>
                <TextEquiv>
                    <Unicode>89</Unicode>
                </TextEquiv>
            </TextLine>
            <TextLine id="r1l2" custom="readingOrder {index:1;}">
                <Coords points="2698,313 2718,311 2741,319 2753,304 2766,303 2779,292 2786,298 2805,293 2792,158 2759,158 2740,170 2733,164 2714,173 2707,167 2684,172"/>
                <Baseline points="2709,249 2734,250 2759,246 2784,243"/>
                <TextEquiv>
                    <Unicode>89</Unicode>
                </TextEquiv>
            </TextLine>
            <TextLine id="r1l3" custom="readingOrder {index:2;}">
                <Coords points="169,466 213,449 215,440 232,442 252,425 62,128 40,142 10,138 8,147 -15,142 -31,153"/>
                <Baseline points="162,426 186,401 213,393"/>
                <TextEquiv>
                    <Unicode></Unicode>
                </TextEquiv>
            </TextLine>
            <TextLine id="r1l4" custom="readingOrder {index:3;}">
                <Coords points="2073,408 2089,409 2108,421 2140,397 2159,402 2180,390 2203,389 2214,251 2198,250 2174,261 2146,242 2119,247 2107,236 2087,234"/>
                <Baseline points="2091,407 2122,409 2153,412 2184,414"/>
                <TextEquiv>
                    <Unicode></Unicode>
                </TextEquiv>
            </TextLine>
            <TextLine id="r1l5" custom="readingOrder {index:4;}">
                <Coords points="247,446 2277,467 2277,391 2090,390 1890,230 1659,324 1383,256 1297,341 1169,275 860,325 248,232"/>
                <Baseline points="263,407 368,412 473,416 578,419 683,421 789,422 894,423 999,422 1104,422 1209,422 1315,420 1420,420 1525,420 1630,420 1735,420 1841,422 1946,425 2051,428 2156,432 2262,438"/>
                <TextEquiv>
                    <Unicode>Dijnsdagh 18:e Maj A:o 10„.</Unicode>
                </TextEquiv>
            </TextLine>
            <TextLine id="r1l6" custom="readingOrder {index:5;}">
                <Coords points="183,850 1936,863 2196,828 2197,756 1977,689 1397,742 1174,652 650,744 523,658 345,732 184,689"/>
                <Baseline points="200,810 299,813 398,816 497,818 596,819 695,821 794,822 893,824 992,824 1091,824 1190,825 1289,825 1388,825 1487,825 1586,825 1685,825 1784,825 1883,825 1982,825 2081,825 2180,825"/>
                <TextEquiv>
                    <Unicode>sijn vergaderings vertbenen, den ondercoopman</Unicode>
                </TextEquiv>
            </TextLine>
            <TextLine id="r1l7" custom="readingOrder {index:6;}">
                <Coords points="2117,964 2147,963 2177,975 2193,961 2232,960 2228,858 2212,858 2199,872 2186,873 2159,860 2130,885 2114,885"/>
                <Baseline points="2133,956 2160,951 2187,950 2214,953"/>
                <TextEquiv>
                    <Unicode></Unicode>
                </TextEquiv>
            </TextLine>
            <TextLine id="r1l8" custom="readingOrder {index:7;}">
                <Coords points="2285,981 2516,961 2561,1000 2618,963 2683,989 2757,959 2788,987 2900,1001 2904,903 2792,901 2646,789 2518,840 2432,786 2292,813"/>
                <Baseline points="2304,944 2334,947 2364,948 2395,949 2425,950 2456,951 2486,951 2517,951 2547,951 2578,951 2608,951 2639,953 2669,953 2700,954 2730,958 2761,960 2791,963 2822,969 2852,975 2883,983"/>
                <TextEquiv>
                    <Unicode>Tag Spmis e2</Unicode>
                </TextEquiv>
            </TextLine>
            <TextLine id="r1l9" custom="readingOrder {index:8;}">
                <Coords points="103,1000 1847,1007 2133,978 2134,873 1604,822 1245,891 976,828 104,905"/>
                <Baseline points="120,960 219,957 319,956 419,954 519,954 619,954 719,954 819,954 919,956 1019,956 1119,957 1218,957 1318,959 1418,959 1518,959 1618,960 1718,960 1818,959 1918,958 2018,957 2118,954"/>
                <TextEquiv>
                    <Unicode>Isaacq papineauw, verthonende hoe dat hij jnden</Unicode>
                </TextEquiv>
            </TextLine>
            <TextLine id="r1l10" custom="readingOrder {index:9;}">
                <Coords points="2294,1039 2415,1051 2643,1031 2715,1062 2814,1037 2856,1057 2899,1041 2900,1002 2788,987 2756,960 2568,997 2522,963 2476,986 2446,965 2364,987 2295,973"/>
                <Baseline points="2309,1022 2337,1022 2366,1023 2394,1023 2423,1024 2452,1025 2480,1025 2509,1025 2538,1025 2566,1026 2595,1026 2624,1026 2652,1026 2681,1027 2710,1028 2738,1028 2767,1029 2796,1029 2824,1030 2853,1031 2882,1032"/>
                <TextEquiv>
                    <Unicode>restibueren 1264 vx„</Unicode>
                </TextEquiv>
            </TextLine>
            <TextLine id="r1l11" custom="readingOrder {index:10;}">
                <Coords points="2237,1099 2254,1099 2264,1105 2283,1105 2283,977 2237,977"/>
                <Baseline points="2253,1085 2268,1085"/>
                <TextEquiv>
                    <Unicode></Unicode>
                </TextEquiv>
            </TextLine>
            <TextLine id="r1l12" custom="readingOrder {index:11;}">
                <Coords points="162,1148 2255,1097 2208,959 1824,1032 162,1007"/>
                <Baseline points="177,1088 280,1088 383,1088 486,1089 589,1089 692,1089 795,1089 898,1089 1001,1089 1104,1089 1207,1089 1310,1089 1413,1089 1516,1089 1619,1088 1722,1088 1825,1088 1928,1088 2031,1087 2134,1086 2238,1086"/>
                <TextEquiv>
                    <Unicode>jaare 1682: op Ceijlon bij vonnisse vanden raad van</Unicode>
                </TextEquiv>
            </TextLine>
            <TextLine id="r1l13" custom="readingOrder {index:12;}">
                <Coords points="2290,1110 2563,1124 2715,1094 2754,1131 2837,1116 2928,1154 2930,1068 2877,1047 2756,1039 2716,1061 2618,1033 2561,1065 2476,1040 2292,1050"/>
                <Baseline points="2306,1089 2336,1092 2366,1094 2397,1096 2427,1097 2457,1098 2488,1098 2518,1099 2548,1100 2579,1100 2609,1100 2639,1100 2670,1100 2700,1100 2730,1100 2761,1101 2791,1101 2821,1102 2852,1103 2882,1104 2913,1106"/>
                <TextEquiv>
                    <Unicode>waer voor zijn goedere</Unicode>
                </TextEquiv>
            </TextLine>
            <TextLine id="r1l14" custom="readingOrder {index:13;}">
                <Coords points="2290,1205 2350,1199 2376,1173 2438,1204 2482,1181 2534,1212 2593,1209 2633,1174 2679,1201 2791,1176 2866,1206 2868,1108 2778,1143 2713,1092 2532,1129 2453,1099 2423,1125 2390,1108 2291,1130"/>
                <Baseline points="2309,1164 2336,1166 2363,1166 2390,1167 2417,1168 2444,1169 2471,1169 2498,1170 2525,1170 2552,1170 2579,1170 2606,1170 2633,1171 2660,1172 2687,1172 2714,1172 2741,1172 2768,1172 2795,1172 2822,1172 2849,1173"/>
                <TextEquiv>
                    <Unicode>op Seijlop bij Expeutie</Unicode>
                </TextEquiv>
            </TextLine>
            <TextLine id="r1l15" custom="readingOrder {index:14;}">
                <Coords points="136,1284 2209,1235 2609,1335 2801,1284 2802,1179 1690,1112 1476,1186 1335,1102 1216,1183 851,1094 137,1156"/>
                <Baseline points="152,1220 283,1220 415,1221 546,1221 678,1223 809,1223 941,1223 1072,1223 1204,1223 1335,1223 1467,1224 1599,1224 1730,1226 1862,1227 1993,1229 2125,1232 2256,1234 2388,1238 2519,1242 2651,1247 2783,1253"/>
                <TextEquiv>
                    <Unicode>justitie aldaer ie gecondemneert geworden, om te moeden zijn iesight</Unicode>
                </TextEquiv>
            </TextLine>
            <TextLine id="r1l16" custom="readingOrder {index:15;}">
                <Coords points="144,1380 1269,1349 1429,1456 1536,1368 1772,1436 1917,1365 2091,1462 2280,1320 1767,1232 1516,1318 1340,1231 740,1314 412,1241 145,1291"/>
                <Baseline points="161,1353 266,1352 371,1351 476,1350 581,1350 686,1350 791,1350 897,1350 1002,1351 1107,1352 1212,1353 1317,1355 1422,1356 1527,1358 1633,1359 1738,1362 1843,1364 1948,1365 2053,1368 2158,1370 2264,1373"/>
                <TextEquiv>
                    <Unicode>betalen, een somme van drie duijsent rijcxdaelders tot</Unicode>
                </TextEquiv>
            </TextLine>
            <TextLine id="r1l17" custom="readingOrder {index:16;}">
                <Coords points="174,1578 1688,1505 1927,1610 2135,1517 2299,1555 2301,1377 2090,1460 1744,1467 1538,1369 1419,1460 426,1383 175,1440"/>
                <Baseline points="191,1499 295,1497 400,1494 505,1493 609,1493 714,1493 819,1493 923,1493 1028,1493 1133,1494 1238,1496 1342,1497 1447,1499 1552,1502 1656,1503 1761,1506 1866,1508 1970,1511 2075,1512 2180,1515 2285,1517"/>
                <TextEquiv>
                    <Unicode>P jd=er e dat niet jegenstaende hij sigh in het</Unicode>
                </TextEquiv>
            </TextLine>
            <TextLine id="r1l18" custom="readingOrder {index:17;}">
                <Coords points="313,1673 482,1616 939,1620 1040,1697 1534,1655 1625,1723 2281,1680 2282,1601 2105,1552 1913,1612 1688,1536 1608,1601 1484,1510 1292,1583 315,1551"/>
                <Baseline points="332,1635 428,1632 525,1631 621,1629 718,1629 815,1629 911,1631 1008,1632 1104,1634 1201,1635 1298,1637 1394,1640 1491,1642 1587,1644 1684,1646 1781,1649 1877,1650 1974,1652 2070,1653 2167,1655 2264,1655"/>
                <TextEquiv>
                    <Unicode>conpille beswoert vonde, ende verklaert hadde</Unicode>
                </TextEquiv>
            </TextLine>
            <TextLine id="r1l19" custom="readingOrder {index:18;}">
                <Coords points="135,1719 740,1765 871,1859 1539,1778 2154,1795 2312,1869 2313,1717 2202,1680 1221,1731 955,1636 862,1704 136,1597"/>
                <Baseline points="152,1761 259,1763 366,1763 473,1763 581,1764 688,1764 795,1766 902,1766 1010,1767 1117,1769 1224,1770 1331,1771 1439,1773 1546,1774 1653,1775 1760,1777 1868,1779 1975,1781 2082,1782 2189,1784 2297,1785"/>
                <TextEquiv>
                    <Unicode>nnde zijn daer van voor den aghtbaeren raadt</Unicode>
                </TextEquiv>
            </TextLine>
            <TextLine id="r1l20" custom="readingOrder {index:19;}">
                <Coords points="154,1913 417,1964 608,1890 956,1991 1124,1920 2184,1941 2257,1872 1543,1781 1283,1855 1135,1801 865,1849 688,1772 155,1804"/>
                <Baseline points="170,1895 273,1893 377,1893 480,1893 584,1893 687,1893 791,1893 894,1893 998,1893 1101,1895 1205,1895 1309,1896 1412,1896 1516,1898 1619,1899 1723,1901 1826,1902 1930,1904 2033,1905 2137,1907 2241,1908"/>
                <TextEquiv>
                    <Unicode>van Iustitie des Casteels tot Batavia, de zullen</Unicode>
                </TextEquiv>
            </TextLine>
            <TextLine id="r1l21" custom="readingOrder {index:20;}">
                <Coords points="153,2042 1456,2032 1722,2107 1831,2049 2090,2098 2252,2060 2253,1991 1378,1920 940,1991 605,1888 153,1986"/>
                <Baseline points="170,2024 273,2022 376,2021 480,2019 583,2019 686,2019 790,2021 893,2021 996,2022 1100,2024 1203,2025 1306,2027 1410,2028 1513,2030 1616,2031 1720,2033 1823,2034 1926,2037 2030,2037 2133,2039 2237,2040"/>
                <TextEquiv>
                    <Unicode>appelleren Eghter alle zijne goederen publicq bij —</Unicode>
                </TextEquiv>
            </TextLine>
            <TextLine id="r1l22" custom="readingOrder {index:21;}">
                <Coords points="159,2228 485,2253 574,2171 811,2215 920,2153 1814,2178 1946,2251 2051,2172 2291,2203 2292,2095 838,2021 575,2089 371,2025 160,2110"/>
                <Baseline points="176,2157 280,2157 385,2157 490,2157 595,2157 700,2157 805,2159 910,2159 1015,2160 1120,2160 1225,2162 1329,2162 1434,2163 1539,2163 1644,2165 1749,2165 1854,2165 1959,2166 2064,2165 2169,2165 2274,2165"/>
                <TextEquiv>
                    <Unicode>Epocutie waeren verkoght, mitsgaders de penningen</Unicode>
                </TextEquiv>
            </TextLine>
            <TextLine id="r1l23" custom="readingOrder {index:22;}">
                <Coords points="117,2317 2084,2371 2263,2314 2263,2218 2037,2174 1621,2266 921,2152 473,2257 118,2215"/>
                <Baseline points="134,2295 239,2295 345,2295 450,2295 556,2295 662,2295 767,2295 873,2295 978,2297 1084,2297 1190,2298 1295,2298 1401,2300 1506,2300 1612,2301 1718,2303 1823,2304 1929,2306 2034,2307 2140,2310 2246,2312"/>
                <TextEquiv>
                    <Unicode>daer van geprocddeert, ten bedrage van 1264 rxd:rs</Unicode>
                </TextEquiv>
            </TextLine>
            <TextLine id="r1l24" custom="readingOrder {index:23;}">
                <Coords points="204,2421 358,2515 812,2521 885,2457 1048,2525 1408,2428 2197,2507 2199,2379 2130,2355 1215,2385 765,2284 205,2345"/>
                <Baseline points="221,2420 319,2420 417,2420 515,2421 613,2423 711,2424 809,2426 907,2427 1005,2429 1103,2431 1202,2433 1300,2435 1398,2436 1496,2438 1594,2439 1692,2441 1790,2441 1888,2441 1986,2441 2084,2441 2183,2439"/>
                <TextEquiv>
                    <Unicode>CComp:e Coegelt: ende dewijl bij vonnisse</Unicode>
                </TextEquiv>
            </TextLine>
            <TextLine id="r1l25" custom="readingOrder {index:24;}">
                <Coords points="305,2560 439,2641 1059,2546 1147,2623 1522,2568 2012,2653 2236,2586 2237,2521 1948,2474 1822,2529 1586,2454 1046,2520 885,2455 687,2525 306,2491"/>
                <Baseline points="323,2556 417,2556 512,2555 607,2556 702,2556 797,2556 891,2558 986,2559 1081,2561 1176,2562 1271,2564 1365,2565 1460,2567 1555,2568 1650,2570 1745,2571 1839,2571 1934,2573 2029,2573 2124,2573 2219,2573"/>
                <TextEquiv>
                    <Unicode>appel van gemelte Aghtbaren raad, van jussitie</Unicode>
                </TextEquiv>
            </TextLine>
            <TextLine id="r1l26" custom="readingOrder {index:25;}">
                <Coords points="117,2702 837,2776 996,2698 2312,2731 2312,2662 2086,2617 1536,2664 1277,2573 1135,2621 1063,2547 661,2645 118,2620"/>
                <Baseline points="134,2691 242,2691 350,2691 458,2691 566,2691 674,2691 782,2693 890,2693 998,2694 1106,2696 1214,2697 1322,2698 1430,2699 1538,2702 1646,2703 1754,2704 1862,2705 1970,2706 2078,2708 2186,2709 2295,2711"/>
                <TextEquiv>
                    <Unicode>deses Casele atovia. het vorige vonnisse vanden</Unicode>
                </TextEquiv>
            </TextLine>
            <TextLine id="r1l27" custom="readingOrder {index:26;}">
                <Coords points="152,2854 2129,2893 2267,2858 2268,2772 153,2732"/>
                <Baseline points="170,2829 274,2828 378,2828 482,2828 586,2828 690,2828 794,2828 898,2828 1002,2829 1106,2829 1211,2831 1315,2832 1419,2834 1523,2834 1627,2835 1731,2837 1835,2837 1939,2838 2043,2838 2147,2840 2252,2840"/>
                <TextEquiv>
                    <Unicode>raad van dipitie op Ceijlon, is vermettight, ende bij</Unicode>
                </TextEquiv>
            </TextLine>
            <TextLine id="r1l28" custom="readingOrder {index:27;}">
                <Coords points="138,3021 2277,2988 2277,2922 2044,2872 1859,2928 1675,2871 1024,2931 708,2848 139,2906"/>
                <Baseline points="156,2967 261,2966 366,2966 471,2964 577,2964 682,2964 787,2964 893,2964 998,2966 1103,2966 1209,2966 1314,2967 1419,2967 1524,2969 1630,2969 1735,2970 1840,2970 1946,2970 2051,2970 2156,2970 2262,2970"/>
                <TextEquiv>
                    <Unicode>in Jntegrum berstelt, soo versoeckt hij dat hem de</Unicode>
                </TextEquiv>
            </TextLine>
            <TextLine id="r1l29" custom="readingOrder {index:28;}">
                <Coords points="150,3120 611,3103 785,3192 1032,3105 1647,3112 1917,3199 2318,3129 2319,3004 1529,3045 1319,2962 832,3048 549,2977 151,3038"/>
                <Baseline points="167,3102 273,3102 380,3101 487,3101 594,3101 701,3099 807,3099 914,3099 1021,3099 1128,3099 1235,3099 1341,3101 1448,3101 1555,3102 1662,3104 1769,3105 1875,3107 1982,3108 2089,3111 2196,3113 2303,3116"/>
                <TextEquiv>
                    <Unicode>boven gem:te duijsent weehoudert en vier en sestigh rijcxd:</Unicode>
                </TextEquiv>
            </TextLine>
            <TextLine id="r1l30" custom="readingOrder {index:29;}">
                <Coords points="154,3270 2329,3289 2329,3161 1898,3108 1724,3173 1007,3107 852,3195 625,3116 155,3168"/>
                <Baseline points="170,3233 277,3233 384,3231 491,3231 598,3230 705,3228 812,3228 919,3227 1026,3227 1133,3225 1241,3225 1348,3225 1455,3225 1562,3225 1669,3225 1776,3227 1883,3228 1990,3231 2097,3234 2204,3238 2312,3242"/>
                <TextEquiv>
                    <Unicode>moghten werden geresitueert, waer op gedelibereert</Unicode>
                </TextEquiv>
            </TextLine>
            <TextLine id="r1l31" custom="readingOrder {index:30;}">
                <Coords points="151,3375 289,3434 460,3364 723,3455 1194,3358 1562,3459 1746,3369 2273,3400 2295,3282 1516,3251 1355,3321 1210,3256 1075,3329 637,3242 453,3321 150,3303"/>
                <Baseline points="167,3362 272,3363 378,3363 483,3363 589,3362 695,3362 800,3360 906,3359 1012,3359 1117,3357 1223,3356 1329,3356 1434,3354 1540,3354 1646,3354 1751,3354 1857,3354 1963,3356 2068,3357 2174,3360 2280,3362"/>
                <TextEquiv>
                    <Unicode>zijnde, is goetgevonden zijn versoeck toe testaen;</Unicode>
                </TextEquiv>
            </TextLine>
            <TextLine id="r1l32" custom="readingOrder {index:31;}">
                <Coords points="159,3539 614,3589 939,3491 1893,3488 2262,3571 2261,3459 1872,3376 1567,3457 1296,3380 1034,3448 158,3404"/>
                <Baseline points="174,3495 277,3495 381,3495 484,3495 588,3494 691,3492 795,3491 898,3489 1002,3488 1105,3486 1209,3485 1312,3484 1416,3483 1519,3482 1623,3482 1726,3482 1830,3482 1933,3483 2037,3484 2140,3486 2244,3489"/>
                <TextEquiv>
                    <Unicode>en hem deselve somme uijt ’s Compag:s Cassa</Unicode>
                </TextEquiv>
            </TextLine>
            <TextLine id="r1l33" custom="readingOrder {index:32;}">
                <Coords points="165,3655 2248,3628 2248,3573 1889,3490 1471,3569 1047,3500 925,3579 165,3540"/>
                <Baseline points="182,3624 284,3623 387,3620 489,3618 592,3618 694,3617 797,3617 899,3617 1002,3617 1104,3617 1207,3618 1309,3618 1412,3619 1514,3620 1617,3620 1719,3620 1822,3620 1924,3620 2027,3620 2129,3618 2232,3617"/>
                <TextEquiv>
                    <Unicode>alhier te laten ontfangen. mits stellende twee</Unicode>
                </TextEquiv>
            </TextLine>
            <TextLine id="r1l34" custom="readingOrder {index:33;}">
                <Coords points="173,3792 262,3844 363,3758 2173,3773 2212,3703 1873,3617 1725,3690 872,3620 475,3718 333,3647 172,3677"/>
                <Baseline points="189,3755 289,3755 389,3753 490,3753 590,3753 690,3752 791,3752 891,3750 991,3750 1092,3749 1192,3747 1292,3747 1393,3746 1493,3746 1593,3744 1694,3744 1794,3744 1894,3744 1995,3744 2095,3744 2196,3744"/>
                <TextEquiv>
                    <Unicode>sufficante Borgen, die haer Elck jn solidum</Unicode>
                </TextEquiv>
            </TextLine>
            <TextLine id="r1l35" custom="readingOrder {index:34;}">
                <Coords points="173,3911 2134,3923 2285,3879 2284,3754 1726,3820 1386,3764 1298,3827 909,3757 765,3834 577,3746 449,3830 173,3822"/>
                <Baseline points="191,3876 300,3876 409,3876 519,3876 628,3875 738,3875 847,3875 956,3873 1066,3873 1175,3873 1285,3872 1394,3872 1504,3870 1613,3869 1722,3869 1832,3867 1941,3866 2051,3864 2160,3861 2270,3860"/>
                <TextEquiv>
                    <Unicode>sullen moeten verbinden voor de weder uijtkeringe</Unicode>
                </TextEquiv>
            </TextLine>
            <TextLine id="r1l36" custom="readingOrder {index:35;}">
                <Coords points="1990,4063 2060,4043 2079,4051 2110,4026 2156,4034 2206,4017 2241,4045 2264,4046 2318,4022 2320,3979 2264,3970 2207,3928 2131,3925 2109,3910 2066,3915 2040,3901 1997,3905"/>
                <Baseline points="2009,3996 2035,4001 2062,4005 2089,4008 2115,4010 2142,4010 2169,4010 2196,4008 2222,4010 2249,4011 2276,4013 2303,4017"/>
                <TextEquiv>
                    <Unicode>jndien</Unicode>
                </TextEquiv>
            </TextLine>
            <TextEquiv>
                <Unicode>89
89


Dijnsdagh 18:e Maj A:o 10„.
sijn vergaderings vertbenen, den ondercoopman

Tag Spmis e2
Isaacq papineauw, verthonende hoe dat hij jnden
restibueren 1264 vx„

jaare 1682: op Ceijlon bij vonnisse vanden raad van
waer voor zijn goedere
op Seijlop bij Expeutie
justitie aldaer ie gecondemneert geworden, om te moeden zijn iesight
betalen, een somme van drie duijsent rijcxdaelders tot
P jd=er e dat niet jegenstaende hij sigh in het
conpille beswoert vonde, ende verklaert hadde
nnde zijn daer van voor den aghtbaeren raadt
van Iustitie des Casteels tot Batavia, de zullen
appelleren Eghter alle zijne goederen publicq bij —
Epocutie waeren verkoght, mitsgaders de penningen
daer van geprocddeert, ten bedrage van 1264 rxd:rs
CComp:e Coegelt: ende dewijl bij vonnisse
appel van gemelte Aghtbaren raad, van jussitie
deses Casele atovia. het vorige vonnisse vanden
raad van dipitie op Ceijlon, is vermettight, ende bij
in Jntegrum berstelt, soo versoeckt hij dat hem de
boven gem:te duijsent weehoudert en vier en sestigh rijcxd:
moghten werden geresitueert, waer op gedelibereert
zijnde, is goetgevonden zijn versoeck toe testaen;
en hem deselve somme uijt ’s Compag:s Cassa
alhier te laten ontfangen. mits stellende twee
sufficante Borgen, die haer Elck jn solidum
sullen moeten verbinden voor de weder uijtkeringe
jndien</Unicode>
            </TextEquiv>
        </TextRegion>
    </Page>
</PcGts>
