2987 4751
62 74 276 233 262
171 129 419 344 262
867 27 2228 555 Coijlagt 12:' Navois
738 619 2741 875 Dewijl geoordeelt wort dat de Bengaelse
42 662 693 916 ve lelen Bagele
41 816 2766 1069 ant mid dejde, die hier in xprraat heijt, ende nofs
54 967 461 1130 de Lenden.
644 952 2706 1229 staen, aengebraght te worden, niet alse tot
644 1144 2900 1387 den japansen handel sal konnen oorden gebruijkt
689 1324 2871 1514 ndien wij willen wijden, het gevaer van metcke„
666 1470 2784 1627 lijcken afdlagh, jnden prijs, en gevolgblijcke
656 1621 2785 1801 van v minder winst, als en zedert
638 1752 2865 1987 eenige daeren, op denevezijde aldaer
629 1912 2809 2085 beaelt oois na deriberatie hoer 10
1271 2081 2261 2301 en quautiteijt van
653 2071 1209 2288 en Distal„
1184 2197 1561 2388 dn „vinge
644 2233 1232 2431 baelen, m:
1401 2216 2625 2452 p. tr: de retour schepen
653 2412 2441 2621 na d Raden ande te Lenden, woo on
646 2566 1916 2792 aldaer op deselve, g= ja
2578 2749 2674 2847 1
662 2730 1935 2980 winst zij behaelt als dt
670 2872 2378 3137 heeden principalen, door dese verr„
2174 3027 2423 3147 1
619 3040 2728 3259 van het retour bewogen, en oock vermogens
1140 3211 2728 3456 den, tot het oversenden van wat
644 3368 2739 3580 meerder en huijmer Capitael, tot vervolgh
590 3495 2770 3759 vanden Inlantsen handel, ende om deselve
624 3670 2542 3903 niet aen andere Natien over te laeten.
695 3873 2774 4162 e mede goegevonden na gewoonte hier aen
2515 4093 2683 4212 te
