2998 4770
2705 67 2941 267 65.—
2727 238 2850 406 63
1472 237 2185 531 Matast:
1088 617 2203 909 en Di generate
295 796 2239 1035 Rijckles van goen al mrapport bedaen, dat
2372 822 3011 1020 1 Sijkr de gereghtigh
2362 961 2951 1127 verkoght voor 860 rp:s
228 976 806 1167 het afpetijt
1346 993 2325 1201 reghigheijt gugstde
211 1147 2375 1319 saturdagh bij openpase aplan was verboopt, ende
239 1282 2212 1473 gegoeden hadda gen vinne van aghethondert oe
232 1428 2444 1609 rijcxdaelders zoo is verstaen ne hier aentetekenen
208 1487 1333 1698 En soor not re te bouden.
215 1682 2355 1938 en pieer Jan van mwegen borgen dager
458 1819 1077 2023 ge vande
1231 1864 2890 2096 zijnen soock d bestaen Puten snz bergen
2362 1978 3011 2183 egestaen na manritug
101 1979 2722 2207 dat met zijn pronte, en fanmlie op het bluytschip, daern
122 2084 2154 2278 badenbergs, na tMlaurities, zal mogen
210 2171 589 2433 inde han
912 2248 2269 2449 daer ve erneren, sonder daer
199 2395 825 2601 mat getakh
1049 2413 2152 2599 e transport, ofte kostgelt
367 2561 2395 2847 ant ae denen van den ondercoopman fiancis
384 2742 2175 2980 komen en te vallen, de plaets van
2335 2825 2949 3014 Samuel de Toijbelliau
278 2876 2311 3085 Onder deast der zoedij boecken, soo rs goet„
2331 2965 2950 3090 gevordert tot steunde
2324 3047 2901 3171 jnde visite der zoldij
187 3055 2300 3198 gevonden ende verleaen, deselve weder te zullen
2357 3125 2637 3234 boecken
198 3119 2223 3337 met den ondercoopnmdtel de pwijbelan, die
197 3263 2284 3498 nu eenijgen tijt bij de gemelde visite dienst gedaen
194 3395 2330 3663 ende arijgeisse van't opperhooft vant zoldij
319 3577 2088 3808 ende aer inte genoegen gegeven heeft.
1725 3790 1930 4013 76
1368 4360 1496 4494 8
