2940 4710
123 4454 237 4653 5
43 216 2284 483 Vrijdagh 11 Junij A„o 1677.
100 546 2258 808 Js na deliberatie goetgevonden 8 Lijffeijgenen van
138 715 2243 915 Bantaen weghgelopen, en hier in segstenisse sittende
173 863 2293 1050 weder derwaerts tezenden op hoope, die den resident
182 966 2326 1162 ons bij zijn jongste schrijven oock geeft) dat den sulthan
182 1066 2279 1295 van Bantam, dese billickheijt ofte beleeftheijt, met
161 1198 2271 1363 het wedergeven van Parthije, van hier weghgelopene
170 1318 1970 1497 slaven oock sal komen te heant woorden
193 1504 2208 1682 Nadien de flhuijt Cattenburgs den 9 deser met
153 1640 2236 1832 298.s lasten sout voor enmataas westcult vande
95 1750 2265 1985 oostcuste van Java, hier aengekomen, tot het doen
181 1911 2239 2072 van die voijagie te serwack geoordeelt wert soo
179 2036 2271 2253 is goetgevonden het gemelte sout, metten eersten
169 2163 2279 2348 de laten overschepen in het fluijt schip sparendam,
160 2283 2357 2492 zijnde op p:r deser ma de gem„e pestcust aengelegt.
164 2457 2287 2676 Soo is mede goetgevonden het schip den Eendragttt
195 2639 2249 2776 na Palimbangh te zenden, om de gereetleggende
194 2743 2308 2887 peper van daer aftehalen, ende herwaerts tebrengen.
183 2872 2294 3020 latende het schip Luijd-polsbroeck. ’t welck den 21.e
186 2970 2276 3180 meij daer toe is aengeleght, ten selven eijnde na
180 3104 2343 3291 Jambij vertrecken, na dat alvorens zal hebben over„
122 3236 2309 3401 gelevert, de goederen voor gem:te Palimbangh daer
200 3367 2277 3560 Jn gescheept, en welck comptoir jnt herwaerts keren,
190 3472 2253 3671 oock weder zal moeten aenlopen, jngevalle het tot
166 3613 1945 3810 Jambij aengenoegsame ladinge ontbreeckt.
172 3828 2224 3982 Om over te voeren de provisien, en ’t gene wijders
190 3956 2266 4125 ten behoeve van onse scheeps, en krijgsmaght
2138 4166 2190 4245 „
1437 4407 1584 4562 2:
2638 -3 2784 156 117
2592 139 2774 292 117=r
2301 628 2771 827 8: Eyffeijgens van
2291 787 2909 906 Bantani wegh gelopen
2307 865 2862 1017 weder derwaerts te
2289 927 2615 1043 zenden
2300 1504 2903 1703 het sout uijt laten„
2298 1650 2869 1778 burgh in spakendam
2302 1741 2887 1849 voor Sumatras West„
2302 1806 2889 1949 eust over te schepen
2310 2567 2841 2771 den Eeugstona
2304 2717 2952 2917 Palimbangh te zenden
2312 2982 2948 3175 en Zuijdt Lolbaorch
2352 3123 2677 3230 na Jambij
