2928 4755
-1 109 141 312 2
-5 522 73 601 „
33 709 165 954 E
17 1095 60 1174 —
224 287 2304 490 atprokene soo gddlngen heeft, als oen Eeelljck man toe„
188 492 2291 648 swaet t shne te een, en oock altijt van d’ Ed: Heer
210 580 2295 741 van goene en erdoorvallen van oorlgh als driemaa nae
178 676 2253 848 Batticaloa, Cuncoemmale zaffenapatnam en Manaan
140 783 2326 931 diemael op mone, en meer als agtbmael na Digligamoe
182 901 2299 1064 en andere plaetsen meer daer  dE Comp:e dienst ver eijlch
170 970 2302 1199 heeft, Ia: geheele jaeren uijtgeweest dan oock een gonden
185 1096 2186 1289 bettings met een medalij daer aen tot een teycken van
185 1210 2396 1408 wel gedient van d’ E: Heer van goens heeft genoten oeshalven
118 1316 2352 1512 den suppl:t gelooft, en pastobeet: van zijn Engen vantsuijden
174 1462 2271 1630 en naturelle sonder reden ontrent d Ed: Heer van goens
95 1505 2260 1729 de souge verdaght, ef swart gemaeckt, moet zijn die sulcx„
177 1633 2373 1850 oppersoont soot schijnt: voor de waerheijt moet ontgenomen
150 1733 2267 1950 hebben, vermits zijn suppl:t huijn jn Cola gelegen, zun
178 1879 2195 2002 afgenomen, en voor 14 maenden als aen den overgekomen
165 1972 2168 2160 finnecon appuhamij, gegeven is (welck stuck grondt
198 2087 2332 2237 ten meerendele zijn Eijgen tensfoont, van over de rossaeren
156 2222 2304 2400 herwaerts is geweest en van den Ed: heer Iuperjntendent
189 2300 2194 2496 van goens, met mogh een stuckje dat daer aen vast lagh
173 2397 2314 2628 voor 14. Jaeren is geschoncken, en vereert die dat beplandt
161 2542 2163 2744 heeft met over de 1800: vrugstbomen kokus, zoordach—
177 2689 2323 2873 11langus als andere die nu alle vrugst dragen, en 's jaers
179 2777 2302 3001 over de 100 rjcxd:r inkomen daer voor gehadt heeft, als
169 2901 2364 3103 mede zijn basparisest die over de 200 jutgetal zjn geweest
114 3016 2266 3210 afgenomen, en aen andere gegeven jal dat meer is b0:
47 3091 2303 3298 dag van met 30 van zijn eijgen ros, aenden overlopen
178 3258 2198 3430 Rijckele pottie appohamij, die daer niet weders zal
180 3368 2186 3566 konnen voorgaen alst hen belieft, en is alsoo eijntlijck
172 3460 2171 3672 door den Commandeur begrauwe, gevangen aenboort
2164 3554 2241 3619 —
11 3527 2311 3788 s geonden, en als toen zijn suppl:s huijsingh van onder tot
183 3665 2248 3898 boven jut Dack, nevens alle kisten, en kassen laten
173 3812 2155 3974 visiteren, en alle zijn brieven en olas, naer haer
182 3923 2294 4110 genomen, exen al eens off hij suppl:t een schelm, en
186 4078 2306 4235 verrader was, welcke bovengemelte affronten voor een
171 4141 2202 4306 eerlyck man, die niets op zijn leden heeft, en jnsonderheijt
1978 4317 2159 4415 van
2661 62 2824 184 203
2640 223 2848 365 207
