2961 4701
2680 40 2837 157 137
2691 185 2845 338 137
98 258 2442 522 Jnnomen Ende gedient geviel dat onse Coopmansz:
212 428 2248 648 tot tocksieuw wierden omgesets, ende de regenten
2374 461 2880 619 soo de negotie tot
2374 570 2961 707 Locksien wel gehee„
67 559 2261 784 genegentheijt toonden, om ons aldaer voor het ae
2375 653 2969 794 als dan het Comptoir
2369 737 2960 876 aldaer te continuere
152 703 2236 891 staende de negotie te vergunnen, soo is verstaen
110 833 2164 1018 dat het Comptoir aldaer met eenige weijtijge
101 965 2406 1166 dienaren, ende een beknopten, ommeslagh zal werden
202 1085 2353 1321 gecontinueert. oock is goetgevonden tot verlossings
199 1204 2264 1433 van onse gevangeren, op het eijlandt formoza, soo
187 1334 2394 1535 veel devoir te laten aenwenden, als buijten krencking
202 1473 2375 1677 van ’s Comp:s respect sal konnen geschieden, gelijck
180 1597 2391 1782 voorleden jaer onder dato 8:e meij, mede geresolveert.
192 1739 2362 1956 en bij jnstructie aenden voornoemde E: van reen
2362 1806 2944 1974 devoir aente wenden
2364 1926 2951 2040 tot verlossinge van onte
178 1870 2339 2091 2: gerecommgdeert is geweest, ende op dat onse
2351 1992 2962 2164 Gevangens op formoza
195 2045 2306 2221 jntentie met dese belendingh te beter uijtgewerckt
188 2130 2375 2327 ende verkregen moghte werden, soo is goetgevonden
170 2287 2286 2455 een dienstigh geeedeelt. met gemelte drie schepen
175 2419 2246 2619 pn quliteijt van Copman: afte zenden Doctor
198 2568 2275 2739 konis de keijser den persoon die ervaren is, inden
2370 2590 2915 2773 den bonmen Louiw
185 2692 2354 2851 ommegangs met de chinese natie, en voor desen met
2383 2748 2932 2864 de keijser als hooft
2379 2824 2890 2955 vande schepen mede
162 2818 2353 3020 de heer ordinaas raad van India. Pieter van hoorn
2363 2908 2703 3019 te zenden
2768 2949 2827 3010 —
96 2898 2305 3145 de pekinsgregatie heeft bij gewoont sullende hij
164 3056 2306 3272 Reijsen geduurende de reijse het gesagh over de
173 3207 2241 3392 gewegerijschepen hebben, en dan voorts op zijn
207 3306 2303 3511 aenkonmnt Bocksien, werden gebruijckt als
2322 3413 2934 3628 om daer na Gebruijckt
198 3486 365 3608 5e
606 3434 2255 3654 cesten van gemelte opperhooft den E:
2311 3558 2919 3678 te werden als tweede
173 3580 2319 3753 Jacob Echagteust diens plaetse hij dan oock zal
2311 3643 2851 3771 van d’ E: schagen
202 3680 2267 3894 optreden, jneralle denselven ijets menschelijcks
205 3811 2149 4024 moghta zij overgekomen, alle 'twelcke bij
1969 4026 2172 4148 de v
201 4237 262 4339 5
1489 4354 1644 4490 P
