2962 4776
30 4574 97 4670 „
168 304 2246 578 aengebraght te worden, alsmede vande Chen
34 520 2277 711 ende het andrigirijs off ander gouv. aldaer inge„
159 683 2281 884 samelt zijnde, soo is na deliberaie goetgevonden
160 791 2205 1074 en verstaen de verdelingh daer van na verscheijde
2189 853 2284 978 „
142 953 2250 1224 quartieren te laten geschieden jn maiere als
154 1112 536 1350 voeght.
597 1191 2327 1446 Het staaffcoper, 'twelck gecalculeert
627 1346 1722 1599 wert op 15600: picols.
162 1551 1540 1793 1000: picols voor Bengale
139 1777 1568 1974 1000: p:s .. „. voor Cormandel.
146 1941 1397 2129 1000: p:s . voor Ceijlon,
145 2087 1601 2335 7500: p.s . . . . voor Mallabaer
167 2280 1373 2452 1500: p:s . . . . . . voor Duratta
155 2404 2096 2620 5000: p: . . . . affeneer off min voor Bataba:
125 2590 1000 2806 5000: 5:s te Air
642 2840 2192 3070 Hed Gout sooijapante Conbangs als
625 3017 2306 3270 tgeene tot Malacca, ja voorraet zal
653 3196 878 3396 zijn
168 3328 2319 3630 alle na Cormandel, uijt gesondert de waerde van
145 3561 2250 3788 twgduijsent guldens, aen Conbangs voor
125 3727 483 3886 Ceijlo
1628 4403 1798 4540 p
2704 61 2880 196 249
2642 208 2838 419 249
