2980 4752
104 88 289 263 258
156 201 405 428 258
894 78 2897 520 Vn 1agh 2: Novembrr A„o 167
2789 642 2884 793 6
785 672 2878 956 Tewijl de eerore bretour schrepen voorse paderld:
643 879 2784 1086 aengeleght nu ten merendele afgeladenende
25 942 565 1149 Bededagh voor de
650 983 2816 1234 reijs veerdigh geworden zijn, soo is goetgevonden
55 1094 641 1246 retour vloot. 10:t deser
651 1119 2759 1377 en verstaen de ordinare bodgdagh te laten af
657 1254 2692 1414 kundigen tegens woonddagh jede aenstaende
654 1400 2781 1585 weeck sullende zijn den UE: deser slopende
650 1526 2869 1779 maent, om als dan bodt de Heere vierigelijck
644 1673 2750 1877 en van berten te bidden, voor de gemelde en
638 1822 2880 2059 nogh te volgene retour schepen, indese bekom„
637 1964 2405 2205 mensijcteglijden, mitsgaders voor de
654 2134 2443 2314 welstande van het lieve Paderhad
622 2252 1797 2433 de bolt Indiche Comp:e
637 2418 2419 2713 s na deliberatie goetgevonden den oop
33 2477 649 2691 den Erw: A Jdians
18 2589 2755 2800 mantdm 600: rijsh: predicant Caprolu Wantean, wae ms
45 2757 2903 2969 te stelle om jn sf Cassa. de accommoderen, met 600: rij srant,
31 2836 387 2952 te voldoen.
524 2907 2761 3115 om deselve in Banda weder te voldoen, mits
512 3040 2368 3247 daer voor stellende sufficante borge
16 3046 104 3230 5.
729 3226 2866 3487 en borger Coopman Jan Smonsz vander Heijden
-9 3402 2601 3627 In Smonszz: rnde heeft als nu de vergaderingh bij geschrifte te
28 3552 541 3695 cessie en afstandt
639 3526 2893 3730 kennen gegeven, hoe hij door merckelijcke geledene
12 3631 622 3813 der Boedels vergunt
627 3711 2765 3868 schade, ent qualijck gelucken van zijne Rlegotie
616 3822 2723 4034 buijten zijn eijgen schult, sodanigh jn schulden
2701 3898 2776 3970 —
627 3953 2801 4135 was vervallen, dat hij sigh onmaghtigh bevonde
60 3931 159 4114 1
2332 4142 2585 4285 alle
