2984 4770
2637 78 2840 276 303.
2312 94 2530 236 303
204 283 2238 540 porder volnij met ditewe acck die sehens
193 496 2261 691 oninck zal komen de lederen tote vermindering
161 630 1633 823 E: op afkortings van zijn dehull
196 771 2261 1042 p: reals tonde on redene mildernaen tedhagen
169 976 677 1151 als mede
1355 996 2176 1190 daer tijte aldaer cva
187 1110 2212 1358 dient hebbende tothanger verblijff ongenegen
2352 1189 2855 1368 Msnde va
2305 1244 2910 1485 Taneen oftesee
193 1284 2203 1517 zijn is goetgevonden der vaer de ender een
141 1421 1117 1632 geae van 18 kopen
218 1593 2344 1819 wijders geleten zijnde der overs onde renelden
195 1772 2337 2000 van verschende Dienersn besctende onder het te:
152 1880 2052 2122 gonverneent van Cnaenen dien aenpat
183 2060 1253 2247 oock gelet op de geper
1452 2086 2202 2281 uijgbnisse van en
223 2206 2198 2420 gouverneur aldaer soo is goetgevonden, deselve
200 2306 2379 2559 pollicitaijten in qualiteijt en gagie te verhogen als
187 2445 509 2675 volght
206 2603 2885 2886 Den Coopman piever. Doibne bekeedende de Ticer Domlaer lij
2278 2837 2803 2963 Parisie tweede in
193 2784 2043 3004 tweede persoons plaets, daer inne bij provisie
2288 2927 2573 3089 ternaen
193 2920 2100 3136 gebistigen medekien wat genoegen zal kom en
2087 2947 2219 3127 de
686 3102 760 3203 „
190 3111 507 3262 geven.
99 3223 2788 3484 Van Baabbrar diuckr gheijn wondende de diel de pun
2275 3407 2845 3529 guaisten eshonder
193 3393 2244 3600 guarnisden boecken doe te voegen de qualiteijt
2275 3475 2958 3611 merCoopman 40. gb. 3. P:s
213 3509 2326 3745 van onder coopman met 40: guldens tet maent
125 3641 2466 3886 ende een verbandt a3: Iaeren. jngaende wanneer
209 3778 2385 4042 zijn verbonden tijt zal komen te eijndigen zijnde
49 3934 2205 4181 den 26:e Iunij des aenstaende Jaers 1678.
2112 4193 2297 4362 den
1561 4425 1685 4526 29
