2919 4646
181 154 2227 449 gemaeck noghte oock dete nader poincten ende
187 356 2330 529 articulen, door ijemandt van onse onderdanen werde
175 477 2346 650 gebroken gekreuckt ofte gevioleert; tot bevestiging
186 577 2311 768 van ’t welcke wij dit Instrument van ratificatie
180 717 2339 865 miet onse gewoonlijcke onder tekeningh, ende het zegel
188 773 2366 968 vande bovengemolte generale Redialantse geoctroijeerde
173 937 2194 1097 Oost snlsche Comp:e hebben bekraghtight, Aldus
171 1008 2525 1267 gedaen jnt Casteel tot Batavia den 25:' Junij Ao 1671„ 8
2209 1274 2379 1386 an
22 1193 2339 1432 En off wel schoon den bovengemelte Sousousoun:
158 1380 2343 1599 ende zijne vier zoonen, bij deselve nader articulen
154 1522 2290 1767 en pounten verbonden zijn, om aende Comp:e jn drij
171 1668 2287 1842 naestkomende Iaeren, uijt tekeren, een somma
163 1786 2352 2031 van 250000: spaense realen, in vergoedinge vande
158 1924 2371 2176 swaere lasten, die bij deselve tot weder opreghtinge
146 2033 2266 2308 van zijn Maeijes:r vervallen staet reets al zijn
2313 2087 2890 2237 dit Iaer den Sousou„
2303 2196 2886 2326 hounangh om geen
79 2156 166 2294 C
150 2209 2932 2436 ende nogh sullen moeten werden gedragen, soo is delt lastigh te vallen
152 2314 2302 2519 eghter verstaen hem van dit Iaer om geen.
146 2481 2284 2680 betalingh lastigh te doen vallen, maer wel te ver„
138 2608 2285 2798 soecken, om de maendelijckse subsidie, door hem
144 2755 2241 2954 jnsgeljcks belooft, als mede om de rijs, die wij nu
137 2841 2164 3072 seer nodigh hebben, alwaert, maer soo veel als
124 2994 2173 3210 zal komen te vereijsschen, ten behoeven vanden
28 3110 2208 3364 Zeijn, ende tot voedsel van het volck, dat wij
135 3248 2259 3464 tot zijne hulpe hebben uijtgeseit en om soo wel
2256 3310 2790 3539 alle seelen van
104 3359 2254 3559 als mogelijck zij voor tekomen alle oorsaken van
2261 3481 2864 3606 Wantrouw omtrent
56 3481 2286 3730 Erghwaen, en misvertrouwen, welcke qualiteijten
2270 3561 2887 3705 de Iavanen te mijden
24 3673 112 3774 „
72 3626 2263 3843 „de Javonen, als eijgen, en aengeboen zijn, soo is
116 3743 2263 3935 gjetgevonden, bij alle gelegentheden te verklaren
94 3859 2307 4075 ende met de daad te betoueujgelijck het oock onse
1783 4070 2193 4229 waere
2715 5 2892 167 131
2685 151 2852 312 131
