2971 4738
77 46 238 169 186
219 138 381 284 186
9 1157 594 1415 Daniel Goor Copman
5 1368 577 1488 sonder gagie van Ceijlon
10 1431 561 1579 opgekomen desselve te
15 1468 621 1630 laven goed doen Zedert
14 1603 617 1764 29 december laest leden
628 261 2896 533 voorgaende deliberatie ende met depparige steminen.
629 480 2812 682 goetgevonden den gemelten E: Jacob Cops: weder
625 599 2818 786 in ’s Comp:s dienst aentenemen, ende te gebruijcken
625 717 2814 956 tot president van acasser, onder een braesement
624 870 2715 1080 van 160: guldens ter maent twelcke op heden
616 995 1510 1221 zal aenvanck nemen
640 1168 2801 1389 Js jn vergaderingh verschenen den Coopman Daniel
618 1339 2771 1521 goes: vertonende bij geschrifte hoe dat de Heer
626 1471 2767 1682 Rijcklopf van goens de Jouge, Ext:r raad van India
637 1590 2745 1750 en gouverneur van Ceijlon, hem voorleden Iaer
623 1726 2736 1928 op zijn vertreck van daer herwaerts, hadde laten
638 1877 2592 2064 afschrijven, ofte doen stilaen, zijne gagie tot
680 1982 2762 2231 aders ordret, en despositie van dese vergaderingh
639 2154 2775 2345 aende welcke hij nu oock eerbiedigh versoeckt dat
610 2287 2751 2448 deselve weder aenvangh moghte nemen, tsedert soo„
612 2416 2812 2590 danigen tot als bevonden soude werden te behoren,
619 2555 2782 2719 waer op gedelibereerd zijnde, soo is goetgevonden
630 2686 1913 2829 zijn gagie weder te laten jngad
2189 2664 2768 2881 29: Decemb:r
631 2798 2781 2959 1676: als wanneer met de uijtgesette scheeps en
2656 2954 2761 3074 —„
628 2932 2655 3077 Crijgsmaght, onder de vlagge van de H:r Admirael
624 3084 2653 3212 Cornelis speelman na de oostcust van Iava, is
618 3202 2731 3362 vertrocken, ende aldaer weder omploij bekomen
596 3317 2757 3483 heeft, blijvende de gehele vergoedinge van zijn
615 3455 2762 3666 gagie uijtgestelt, tot dat ons van Eeijlon, beright
614 3604 2803 3811 zal zijn gedaen, waer om deselve zij afgeschreven,
610 3786 2595 4044 Aen den E: Boeckhouder generael Pieter
612 3976 2679 4163 Vertangen, dewelcke die moeijelijcke bedieningh
2395 4168 2560 4280 nu
