3026 4722
77 312 2342 555 : stild saen, soo is na deliberatie goege vonden
213 488 2326 696 sodamigen onredelijckheijt engewelt, met alle
14 616 2381 812 dvermogen vessen de geen. ende gemelde gouverrn:
182 781 2231 986 vagandaer, en andere grooten, tot dien eijnde
189 898 2291 1115 voor behonden, de gevelhaden des Coninckete
217 1059 2315 1232 meldende van vrije negoie door het gnscheerijck
200 1185 2349 1424 sonder daersnne door temandt te mogen werden
217 1335 2298 1560 gehindert, oogs jndien daer na niet en wierde
206 1484 2357 1674 geluijstert dat haer dan oock hoge nader, en
233 1610 2339 1858 vrijelijck zal mogen werden aengelegtt, dat
226 1760 2451 2017 wij geresolveert zijn, liever den gehelen persioensen
236 1912 2401 2169 handel tte willen staecken, dan in deselve sodanigh
219 2097 2329 2318 gehindert, ende geplaegtt te worden, ende dat
218 2267 2350 2418 wij dan oock ne gesint en zijn het Contract
242 2359 2384 2595 met den Coninck gemaecckt. na de komen ofte, een
233 2531 2297 2779 eenigh pack zijde e ontfangen, hoedanigen
660 2687 2356 2913 agsdende dreijgement, wij verhopen
135 2843 2343 3056 dat jn ham eenige omsigstigheijt baeren, ende
125 2968 2351 3213 dan andl bnsers bekommenings houden zal
405 3170 2309 3412 ende nadien wij oock overkropt sitten met
238 3404 2349 3614 de gommelack op de pockjens, die jut vaderlands
237 3505 2347 3756 mede afgeschreven,ende jnvendibel geworden zij,
234 3656 2125 3888 soo is goetgevonden ende verstaen. boven de
253 3807 2271 3979 20: C=to lb: die van Cormandel staen voldaen
237 3945 2243 4196 te worden, nogh gelijcke quantiteijt van hier
1990 4176 2247 4283 na
1522 4313 1711 4440 gj
2595 59 2778 204 235
2618 227 2867 364 235
2364 3428 3037 3657 den Eijsch van Gommes
2370 3570 2949 3703 voor Legasien dubbelt
2368 3656 2753 3806 te voldoen
