2932 4753
110 7 255 191 18
166 140 298 288 18
150 4613 227 4720 —
685 230 2634 511 behalven Tutucorijn, en/ Nagapatuam welcken
693 477 2779 661 besettingen tot onse nader ordre sullen blijven gelyckse
669 545 1490 784 tegenwoordigh zijn
644 785 2806 990 sullende deselve besnbeijingh. ofe aptrecking: konnen
675 955 2798 1165 en mogen gekhieden vervoegens van dijt dt op. en
691 1096 2773 1356 wanneer daer toe de beste gelegentheden voorkomen:
675 1259 2706 1473 dogh aendaende Crlucoenmale en Bacaa is
684 1450 2800 1677 verstaen, dat het eerste Iaer vandaer sullen werden
613 1594 2813 1789 gelight 200. mannen ende 40. stucken Canon, latende
679 1735 2783 1976 de vordere verminderings pusgelijcks wat Langgesamen
682 1882 2809 2098 geschieden, tot dat 'er niet meer als de boven gen:—
683 2072 2698 2242 200. â 250. koppen, en 40. stucken Canon, komen
701 2177 2858 2383 over te blijven, Ende sal oock het selve Commandem:
722 2336 1156 2448 battoo
1410 2351 2527 2508 ,worden verandert in den
683 2381 1329 2522 van Crncoen
671 2471 2758 2665 opperhooftschap, om door een oppercoopan, bekheed
667 2631 2736 2809 te werden, te weden na het verdreck van den E:
675 2799 2698 3029 Joan vlommert die geduirende zijn emuatie
628 2936 2842 3211 aldaer, zal bliyven besouden de Caul van Cmander
678 3193 2738 3430 Alles wat de Equpagie aengaet, als daghn.
685 3403 2690 3578 hoeckers, Chaloupen &:a soo veel als mogelijck
673 3573 2764 3773 zij, ende buijten verkortingh van ’s Comp:s dienst
667 3694 2771 3941 zal konnen gesenden te verminderen ende daerjnne
2439 3925 2677 4100 mede
