2972 4737
91 59 271 256 178
206 120 392 344 178
649 138 2784 487 den dehosen in se deronder de baij t eerient
610 464 2738 653 te werden geconfronteert, ende van post: tot post
623 588 2529 800 nagesien, ’t zij by de respective opperhoofden sel
580 650 2783 934 eefte desgeene die vilx door haer sals worden bbe
631 860 2749 1089 betrompt dat wijders en wel besonderlijck zal
610 994 2735 1231 moeten worden gelet op de papatie der verstreckte
624 1138 2788 1327 goederen, ende off deselve al werden in reeckeningh
586 1275 2746 1517 gebragst na de fordinae marckt in die tijt waer
636 1417 2823 1648 van ons oock zal moegen worden toegesonden een
508 1529 2850 1778 duijdelijcke prijs courant, onder bekent bij den gouvern:
547 1718 2848 1934 directeur, Coannandeur, ofte het opperhooft, mitsgaders
615 1823 2803 2069 den twede persoon, van soodanigen plagtse daer de
630 1967 2791 2222 verstreckinge zal zijn geschiet om alsoo voor te
633 2096 2787 2320 komen alle suspitie van trande, ende de klagt
541 2236 2681 2514 die daer over bljden komen werden gedaen,
656 2469 2691 2784 Doven gemelte h:r Directeur generael
603 2672 2770 2905 Rijckloff van goens, als nu bij de handt sullende
633 2825 2782 3022 nemen de beantwoordingh der ontfangene bieren
636 2973 2814 3206 van sunatte, heeft de vergaderingh voorgedragen
639 3115 2869 3329 ’t gene bij deselve geschreven wert, nopende de schult
637 3246 2905 3491 vande E: Comp:e aen den overleden Wlabab Chan Channa,
639 3393 2876 3630 en het groot verschil tusschen de somme, die door deselfs
7 3357 640 3586 de schuiltvan d ’s Comp:s
9 3553 627 3682 aenden overleden Nabab
642 3526 2833 3773 soon den Hartoogh amijanchan, wert geeijscht, ede
-1 3634 689 3770 fhanchanna, aen zjn zoon
-4 3669 2832 3849 en Harsogh amincken de reeckeningh, dien aengaende jn Comp:s generage
-2 3789 395 3936 te voldoen.
620 3814 2797 4065 boecken gehouden, waer op serieuslijck gedelibereert
2335 4004 2745 4224 zijnde;
