3026 4732
263 108 1834 520 Dwijdagh d„e Octobr
1851 257 2081 517 9.
2030 298 2405 536 1632.
324 497 848 670 0 C
1633 520 1901 665 „
228 727 2273 969 dm voor te komen het haelen van aarde van he
231 894 2332 1093 landt, dat wij al voor lange aende Chineso tlatte
243 1067 2338 1279 tot het begraven van haere dooden hebben per„
179 1204 2290 1371 gunt soo is na deliberatie goedgevonden ter ge„
219 1363 2300 1537 wonebij her plaetsen te laten affigeren, het maer
66 1672 2320 1886 Dewijl die van de Crinese Harie Loobinaen
172 1829 2357 2000 als duijten dese stadte woonngstigh bij reguese aen ons hebben
196 1935 2357 2131 geklaegst, en gekenne geoeven hoe dat ditooeraanen
225 2098 2317 2259 hun van lij tot tijt, niet en hebben ondien, om haer ge
237 2160 2328 2335 van aende tebaelen, uijt seker stuck laadt, t welck wij
233 2271 2362 2443 voor desen aende gehelde Cdinele natie tot begravinge
225 2402 2255 2575 van haere dooden hebben vergunt. versoeckende dewijle
2247 2448 2311 2510 —
225 2472 2344 2634 daer door haere graven wierden geschonden. verbroken
231 2627 2308 2780 en van aerde ontblaat dat wij daer in wilden oorsien
230 2712 2352 2909 mtsgaders haer van sodanigen overlast bevijden: soo is
88 2815 2276 2981 dat wij goetgevonden hebben wel Exprelselijck de Jnterd
176 2928 2345 3101 ende taverbieden gelijckdaen bndesen dat niemandt wie hij
234 3103 2341 3230 oock soude mogen wesen, sigh zal hebben te verstonten
233 3136 2205 3330 van het gemelte stuck landt: ofte van de heeren wegen
251 3285 2111 3418 daor bij en ontrent eenige aerde tehaelen eve kleen
243 3389 2359 3550 quantiteijt oock soude mogen zijn, op ane dat de slaven,
263 3468 2396 3643 ke daer toe werden gebruijckt jnde keten gekloncken sullen
252 3594 2396 3741 vorden, om sodanigh, ende oo langs aen ’s Comp:e wercken te
251 3689 2333 3881 arbeijden tot dat de Eijgenaers derselver, tot een boete voor
2229 3880 2328 3927 —
252 3835 2242 3945 ijder lijffejgen, sullen hebben bitaelt, voor de eerste mael
223 3926 2370 4040 dat daer op bevonden zullen zijn, ses, ende voor de tweedemael
255 4014 2181 4187 thien rjcxdaelders. te verdelen onder de Militairen
249 4127 2373 4301 bescheiyden op de schans Jaccatra: welckers officieren by desen
2072 4259 2278 4375 oock
1503 4385 1659 4516 P
2679 80 2841 188 2.37
2721 198 2897 369 237
2380 880 3038 1092 dicr tegen het haelen
2374 1023 3011 1170 van aande van de Chinete
2358 1091 2925 1263 begraeff plaetsen
2439 3136 2613 3321 19
