2931 4739
119 62 216 198 9
265 122 400 301 96
681 139 1488 515 Maendagh
1636 270 2641 517 2„ Maij A:o 16
542 555 644 719 J
906 610 2700 794 E: Ex:r raad van India Anthonij parinden
656 760 2681 945 nu besigh zijnde met het beantwoorden der brieven
642 857 2882 1103 en Papieren den 22:e april met het schip zuijd polsbaatk.
642 990 2804 1232 van Ceijlon ontfangen, heeft daer uijt voortgebraght
621 1177 2696 1352 ende de vergaderingh bekent gemaeckt hoeden
640 1260 2838 1486 gouvern,r en Raadt op Ceijlen, bij haer E:missive
12 1335 628 1570 en been stened
629 1376 2735 1616 van 5: Mlaert jongstleden, ondre hadden versoght den
20 1527 419 1693 te begrijpen.
639 1542 2624 1728 tot briumehevaes, een wel gelegen handels plaets
638 1658 2606 1837 aende Colderonde, rivier, op Cormandels, een
639 1809 2797 2041 logie, te mogen sehrijpen tot nogh voader uijtgrend
616 1935 2664 2170 van den Ceijlousen kleden handel, soo voor geb als
628 2076 2693 2316 tegens omsettingh van meer areecke en andere
626 2222 2715 2441 Coopmanschappen, waer op gedelibereert zijnde
627 2337 2773 2531 soo is, die saeck voor goet ende, dienstogh aengesien
640 2494 2881 2695 mitsgaders goetgevonden het begrijpen van enntie
701 2639 2891 2856 te logie aldaer de approderen, te weden op de onkoselijckte
609 2755 2812 2898 ende uwde dat d’onse haer aldaer voor eene het nader
623 2890 2815 3057 bevindingh en ordre sullen moeden beboopen : slegste
620 3024 2622 3196 huijsingen met aarde nuuren, ene eredaecken
601 3179 2643 3362 ofte andere woningen, die aldaer kmen werden
608 3268 1089 3447 gehuint /
660 3382 2774 3660 Bij abrabant Struijs, burger Coopman, ende Cap:
98 3441 606 3672 Wulen S:
616 3561 2759 3728 vande burgerije minsgaders vice president van’t eerw:
33 3619 614 3759 toegestaen zijn Taghje
41 3703 2778 3909 namans ndholleg vanschepen hier ter stede licentie versoght
602 3805 2620 4030 zonde nm zijn Iaght de Batavise Coopman
2391 4003 2606 4106 na
