2978 4753
2661 41 2831 176 279
413 83 543 213 2.
2669 166 2752 292 2
2705 276 2763 341 t
200 259 2402 545 na de vvorwende endisie quartieeir van die trigotie
197 443 1324 648 eens een preude te nemen.
153 618 2217 873 Den Banda te wasien van het geeijschte nodige
175 807 2223 991 kleer vertuijgh van der welcke wij jegenwoordag
180 956 2310 1176 alhier ende vaer zjn ontblootn is geet gevonden ende
2246 1022 2889 1216 Na eenige bequame
182 1101 2799 1297 verstaen, eens terlaten vornemen, ofp sodanigh vlagt cleere vrertuijgen
2277 1255 2853 1375 Voor Banda onder de
178 1233 2184 1434 nietsoude te bekomen zijn onder de borgerije alhier
2255 1342 2836 1461 Borgerije alhier te
2247 1423 2682 1566 dernemen
183 1370 2271 1599 welckers tequippagie ter zee nu al vrij wat schijnt
166 1511 2281 1767 te declineren: om daer van oor d’ E Comp:e jncoop
209 1664 2332 1904 edoen. en ’t welcke te besorgen d’ E h„r Directeur
197 1803 2269 2066 generael Rijskef van thoens, aengenomen heeftn
172 2038 2286 2265 is mede gowonden eenige gegeven verbeveingen
2271 2032 2944 2261 Eonige Bodven ondiraeise
2293 2217 2925 2351 verbeteringen in banda
116 2197 2253 2411 Jn Banda boven  ondrnaire gebruijck ende
2292 2294 2940 2463 weder te doen affschrijven
84 2355 2218 2568 de ordre van s E Comp:e weder jnse echentene
185 2534 2244 2698 te laten afschrijven gelijck daer vande namen bij
179 2648 2283 2871 aff te zende missive sullen werde uijtgedrucktn
130 2819 2356 3096 op die overgesonde requesten van verschende Dienaren
2370 2880 2923 3094 Bestaingen en
2407 3034 2688 3173 Banda
186 2996 2281 3237 jn Danda midgaders de goede getuijgenissen vanden
184 3155 2354 3346 gouverneur, ende den raad nopende derselver bequaems:
195 3268 2255 3488 en comportement is goet gevonden ende verstaen haer
200 3415 1889 3671 qualiteij, en gagie, te verhogen als poegst.
166 3653 2926 3900 Eer ondercoopman gearit vanden Eergh uijt den Baagss aut handen Bergh
2272 3811 2887 3935 Guarmisoen boekhonder
175 3843 2858 4039 houdende de guarnisoen boecken jn Banda, en in Banda Coopman
178 3970 2874 4148 althans winnende 50: guldens tot Coopman met 60: mt 60. gls.5 Iaer
192 4102 2359 4310 guldens ter ingent, en een verbandt van s daeren
