2934 4641
83 431 163 584 8:
2553 175 2708 323 7
905 152 1821 472 Decenderend
279 426 2144 590 En onso ndderlandze mt daer in de weken: v8d
2494 464 2757 603 1880.
285 545 2297 674 maert gesmobten gouve na waerde bij de Comp: telaten Inkenden - .
2451 592 2505 659 „
274 641 2595 803 de boven gewone gedane verbeteringen op macasser wede: te laten affardijaen„—
279 740 2569 860 saulus de bock als seciunde op macassar Coopman 68. 9l. 3. Jaer . . . . . „
166 774 2470 1013 riaan van derden frcadl de maijssar Coman te: geogt 68. borlangh
1537 924 1650 1032 „
561 905 1373 1045 bbi: dat amp= paermernt
284 975 2715 1147 Cornelis Dughman ff Jacob van Bejnsbet get taensr abraene . - - „ 286.
230 1093 2052 1257 ne optjes en 2 gountings door d’ P: dredrur fenemel voore
2218 1102 2437 1246 omb:r
2421 1150 2733 1332 „283.
555 1201 1252 1340 Jngekocht voorbanda
131 1283 1675 1404 Cen die Jaghies genaemm de sogh, en de seekinge
166 1393 2316 1533 degmdde flujt de kuijgsman weder  adenam aengeheijt voor de
2445 1425 2718 1599 „288
555 1502 1110 1651 „lads te besendinge
193 1537 2115 1745 2 Jan de sluijten bnven en mede suts thande en amporj a
260 1697 2257 1820 den opperchirurgen dmalthijs molkma met sijn Janisken bnaen
532 1790 1111 1936 gaen den mlij
164 1828 2007 2047 . Jaan den Corporale dick Jans maer sijn fanielee na Cnor
240 1942 2440 2163 den prediken manteau versoek weder heeste, en in sin ngebedening
601 2083 1587 2227 abanda gebruijck te werden. - -
255 2126 2423 2334 hij wet weder beroegelijck bestelv, maerom bedenen niet haed Edaee
2332 2245 2734 2386 . „ 289.
534 2262 2041 2438 maer ha een erandie oostprobintien - - - - -
120 2339 2411 2497 den Coopman Comboine losen versoek bepedde van sijn petel
2098 2481 2531 2592 - - - - - - - „
554 2474 1143 2608 licentie naer 't pattra
119 2532 2479 2704 de Justhie koommanderen e saek hhoedigh affte doen, en dan op sijn versoek
2459 2676 2747 2781 „ —.
2305 2672 2369 2770 8
558 2702 991 2811 de disponneren
15 2721 2389 2914 14. d:o den chinees gij pinko geacordert met hn nieus gesaekt bloep deen
2457 2834 2739 3003 „ 291.
565 2870 1881 3024 dembange nasr ambina de mogen teereeken
2477 2999 2609 3081 „ —
247 2951 2498 3116 maer jn e wederkeeren uijt lanbon, de cust van Iava nietan te doen . - - - -
96 3054 2292 3219 den bager pieter Woders met zijn Jannelienamildina pelipeneert
2402 3127 2754 3310 „ 292.
516 3163 1408 3312 voor Crnsor en Lofgl..
248 3252 2729 3399 d’operhooffnder keuijts pansroek door gedane uijtreijss  preie oegebeijt . - „ —
235 3395 2486 3555 den Cap:n plem op macassar tot Conpennat amineden, en te verbeen tot
2469 3475 2548 3602 „
563 3472 1248 3631 90: g: voot 3:e Jaer
2479 3564 2706 3676 „ —
130 3568 1527 3724 besoigies over de saeken van amboinr.
2468 3668 2771 3817 „ 293.
213 3674 2372 3844 mettel aenplanten van Ionge nagelbrouwn tot nader badre op thouden - - -
183 3775 2415 3957 om dat het presende getal van 30934. komen, tot denbertier allomme
2470 3866 2590 4003 „
569 3875 1830 4034 genegt geoordeele wet . - - - . - - .
305 3949 2322 4144 En gevolgelijck de meerdeeijt de Compag.e maer Forlies
2473 4051 2792 4197 „ 294:
523 4117 1117 4236 staet toede brengen
