2952 4675
2636 47 2800 177 175
2658 168 2837 337 175
361 184 481 405 „
472 21 2408 471 Weijdagh 6: Augusto A:o167„
500 416 875 598 „
126 607 2319 868 js goetgevonden, ende verstaen, den adsileent Piever
2344 704 2967 923 Piekie Leringh wond
109 795 2345 991 kettuh op zijn versoeck de admitteren tot procureur
2370 861 2753 1008 Procureur.
163 949 2318 1146 voor beijde de bancken van Iusditie hier per wweder
152 1032 2141 1271 en hem dienvolgende oock van s Comp: dienst
162 1155 2339 1373 te ontslaen, om sigh voortaen, als borger te erneren
89 1281 2208 1576 d’ewijl den E. chinou keerde koe, jegenwoordigh
138 1480 2929 1691 opperhooft van ’t zoldij Comptoir aldier dien dienst zal teperhoft ait ende
2281 1637 2775 1760 Comptoir Simon
144 1588 2277 1838 moeten afleggen, na luijt der ordre van onse heeren
2291 1699 2898 1814 keerde koe van dien
2297 1775 2874 1894 dienst te ontslaen
137 1726 2265 1923 pruncipalen, bij haer E:E: generale missive van dato
124 1860 2266 2099 21:e october uijtgedruckt, ende dat ijn desselfs plaehoe
104 1984 2310 2235 weder zalo moeten werden gebruijck een bequaem en
139 2125 2145 2307 bvaeren persoon, om het werck, zijnde al van
78 2251 2286 2461 groote moejelijckheijt en ommeslagh, waer de nemen„
112 2380 2194 2610 mitsgaders de suppoosten, tot Iaeren schuldigen
100 2523 2243 2746 plight behouden, soo is na deliberoie goetgevonden
22 2640 2146 2884 daer toe te verbiesen, den Coopman Manuel
2276 2646 2891 2870 en jn Zijn plaetse te
2273 2805 2902 2940 stellen den Coopman
54 2807 2101 3050 Bdrieze. althans, becunde jnt gemelte zoldij
2266 2884 2922 3073 Smanuel Boene zeeg
112 2954 2336 3155 Comptoir alter hij den tijt van ongevaer 20: jaeren
107 3092 2121 3307 zijn dienst waergenomen hebbende, ons daer jnne
122 3197 1332 3396 altijt genoegen gegeven heeft.
124 3341 2374 3615 Renden Goeckhouder sijnen aijop is goetgevonden
2302 3557 2827 3690 Simon Waijop na
113 3539 2887 3752 toe testaen, met zijn familie, na Ceijlon te mogen sylon gelicentieert.
99 3638 2345 3865 vertrecken, om aldaer bij voorvallende gelegentheijt
105 3779 1241 3987 geemploijeert te werden.
1826 3983 1939 4167 87
