2955 4729
155 -4 329 110 118
332 58 496 205 118
720 226 2803 442 op de Poticust van saeaeevert ge eijscht is oock goet„
88 296 730 488 Iem tfluijtie Marcken
738 404 2809 552 gevonden, aenteleggen het fluijtie marcken, zijnde
92 439 696 599 na de Cust van Iava
717 504 2699 710 een light wel bezeijlt scheepje, ende overlulcks
640 623 1948 822 daer toe bequaem geoordeelt.
101 839 701 1045 Vebora Ciliart afstans
701 836 2846 1098 Derschijnt jn vergaderings Debora Chijaert weduwe
82 983 622 1129 der boedels vergunt
672 1002 2830 1218 van Robbert Chiljaert, in zijn leven borger Coopman
672 1118 2836 1348 hier ter stede, overdienende het navolgende request
1342 1325 2895 1546 Henden Wel Ed:e Gouderneur Gener:s
1335 1491 2909 1675 Tamptn de presente Ed: Heeren Raaen
1365 1636 2664 1817 van Nederlands India
789 1786 2874 2048 heeft met behoorlijcke reverentie te kennen, Epora Chiljaert
710 1963 2828 2101 laest wed:e vanden Vrijkoopman Rebbert Chiljaert, zal:r toe dat
715 2053 2802 2212 haer cupp: man zal:r door mitfortuijt, en geledene schaade
715 2130 2717 2344 soo verre is gezaeckt in verloop van schulden, die zij suppl.r
709 2241 2863 2428 daegslijcx meer, en meer, gewaer wert, dat zij niet maghtigh
692 2337 2801 2533 en is alle haere Crediteuren, te voldoen, ende alsoo haere
2643 2488 2714 2551 heb
695 2418 2804 2633 crediteuren geen reguard nemende op haer supp:r man zal„ —
701 2538 2818 2705 quade fortuijne, ende groot verlies, van haer aghter wesen willen
694 2661 2801 2811 zijn gecontenteert 'twelck haer niet mogelijck is te doen, soo
691 2750 2788 2935 wert zij sjppl: jn haer weduwlijcken staet genootsaeckt ten
690 2819 2894 3030 behoeve van voorsz haere grediteuren afstande van haere goederen
654 2914 2814 3126 te doen, omme vande molestie van deselvet Jaere crediteuren
697 3043 2832 3245 ontslagen te zijn, ende versoeckt zijt suppl:t mitdien uw ho: Ed:
678 3154 2859 3341 agthtbaerhedens brieven van Cessie; met Commutuus aenden
672 3251 2690 3459 E: gereghte deser stede, jn optima forma. dit doende &:a
674 3363 1823 3556 was getekent Debora Chiljaers.
678 3491 2666 3746 Waer op gedelibereert zijnde soo is goetgevonden
690 3667 2674 3874 aen bovengem:te Debora Chiljaerts de versoghte
689 3782 2776 3981 afstant van goederen ofte des boedels toe te staen, met
676 3910 2779 4103 Committiuus, aenden aghtbaren raad van Iustitie
573 3977 1369 4168 deses Casteels.
2453 4191 2672 4380 d’E:
2666 4308 2765 4406 in
