2939 4721
14 4229 92 4299 1.
105 4273 179 4405 1
388 277 2378 512 Sjnsdagh 27 July A:o 1677.
1307 504 1561 734 1 E
1867 547 2279 740 Vn trob
195 703 2297 892 Jk geleten een geschritt van Boedelmeesteren van
150 837 2274 1049 chinese sterffhuijsen si ter stede, waer bij haer E:
177 948 2251 1172 versoecken, dat den secretaris van sjn Collegte tot
162 1111 2322 1337 het jnvorderen der penningen, van penbare vendenen
196 1279 2337 1445 procerderende, mede moghte werden eergundt parate
174 1399 2313 1620 executie gelijck reets geschiet zij aende secretarissen
81 1481 2104 1695 der respectve Collegien van Jusditie, en die
158 1601 2218 1816 vande Rexkamen mitsgaders het opperhooft.
173 1766 2236 1948 van ’t Zoede compoiren waerop gedelibereent zijnde
165 1913 2230 2042 soo is goet gevonden sulcx mede aen gemoet
105 2009 2219 2207 Boedelmeesderen efde haer E: secretaris toe„
171 2129 2246 2359 te staen, onder sodanige conditien als bij resolntien
158 2262 2252 2484 van 20:' r: 1878: staen uijtgedruckt ,de weden
60 2441 2157 2621 dat deselve pecutie eerst zal mogen geschieden
159 2547 2169 2773 na voorgaende jnsnuatie, en renovatie door de
44 2673 2309 2888 boden, mitsgaders den dagement voor de reghbanck
73 2828 2199 3012 daer de zaack zal gehoren, am deselve exeutie
158 2947 1612 3145 ten overploede sien decerneren
156 3089 2240 3323 din goede en sufficante redenen nodigh geoordeelt
158 3244 2282 3444 zijnde, dat weder teen bequaem persoon werde gestelt
167 3365 2259 3556 tot advitaet fiscael van India, jn plaets vanden
170 3537 2192 3706 Cornelis snoeck zal: den 12en Maij 1614. deser
176 3621 2298 3837 werelt overleden, ende welck ampt zedert die tijt
170 3749 2273 3957 tot nu toe is bekeet geworden, bij de H:r waters
162 3885 2292 4112 fiscael Pieter pauw, die het selve om al eeniger
1909 4060 2252 4205 maten,
1563 4388 1699 4521 4
2564 42 2727 182 165
2634 204 2791 358 165
2336 1029 2885 1235 Boedelristers
2353 1203 2876 1336 van Chinete straff
2342 1267 2796 1400 huijse parate
2344 1343 2856 1503 Saccutie vergunt„
2435 1864 2561 2076 7
2286 3257 2913 3416 M„r Gualtik Zesman
2311 3374 2947 3500 gestelt tot advocaet
2315 3455 2838 3574 fiscael van India
