3050 4797
2699 95 2853 252 83
2722 223 2888 371 83
250 138 2027 534 Dijnsagh 4:' Maij A„o
2145 313 2360 524 221
357 482 825 620 „ 16 8
264 595 2382 833 Dewijl de Ionck Iapare die wij bij jonget voor„
222 763 2410 953 gaende resolutie goedgebonden hebben weder na Ianbij
243 918 2208 1097 te zenden, niet geheel bequaem wert geoordeelt
255 1073 2254 1249 On derwaerts de veuren partsije dienstige kleden en
221 1194 2951 1405 8000. spaense realen ten behoeve vanden peperhandel eker de Baers
237 1336 2975 1500 aldaer, ende dat het ons als nu niet en ontbrecckt  na Iambij te zenden
2379 1465 2886 1610 met 800 speense„
247 1465 2390 1653 aen sufficanter vaertuijge, op het welcke niet minder
2374 1539 2648 1663 rialen.
240 1604 2266 1769 bekommendigh sodanigen Capitael kan waden
226 1726 2234 1952 betrouwt, soo is verstaen daer oet gebruijcken
212 1858 2226 2080 en benevens gem:te Jonck na vambij te zenden
124 2045 2292 2240 de hoeckerboot de haern dewelcke oock met
2385 2154 2935 2322 Item 400 Spaense
208 2195 2325 2336 eenen het Comptir tot Palmibangh, sal aen„
2405 2263 3001 2476 realen voor Palembang
222 2310 2399 2495 „lopen, ende aen ’s Comp:s resident aldaer (benevens
214 2446 2459 2652 onse nassive) overleveren, een kist met 4000: spaente
227 2581 2323 2787 realen, sullende deselve Comptoiren soo haest
235 2710 2378 2932 als het jn ons vermogen sal zijn, nogs niet meerder
215 2895 2335 3043 gesal worden gelecondeert, om alsoo tegen de
225 3006 2379 3175 aenstaende besendinge na ’t Naderlandt weder
218 3141 2366 3375 in voorraedt te hebben, een goede quantiteijt peper
215 3285 2335 3517 waer van onde packhuijlen door de Ioncken die
179 3403 2340 3608 deselve na Chinan staenste voeren al mercklycke
221 3526 1795 3756 zyn ontbloot en geledight geraeckt.
226 3695 2373 3967 om het Compoir Concqun te voorgien van sodanigh
226 3865 2350 4083 Contanten, en Coopmanschappen als tot jncoop van
2087 4021 2423 4216 zijde
