3019 4780
119 38 229 209 84
312 77 462 224 84
58 246 636 464 1 Pijk d Epinens
657 129 2591 479 Eijde d iddatn dian de Eijkaen heede hier
53 410 632 574 voor Toncquir aenge„
1194 427 1496 527 konnen
48 451 242 635 lgkr.
658 446 2722 591 besoaght sullen werden is goetgevonden voorde
656 578 2703 805 eerste gesendinge aente leggen, ende derwaerts
782 734 2707 936 zenden het jaght de Experiment zijnde, een
635 908 2760 1087 ondien gaende bodem, ende daer om te bequamin
641 1041 2699 1192 om over den drempel vande Concquinge risier te
653 1158 968 1346 komen
645 1293 2692 1516 gelijck mede goetgevonden is voor Cormandel
590 1448 2863 1651 aente leggen het schip 'twapen van Zirc zee, om benevens
45 1493 651 1727 En ’t Wapen van z: zee
670 1589 2816 1769 betjaght wluijder bergh, (al voor desen daer toe aenge„
52 1670 524 1810 voor Cormandel.
645 1707 2782 1895 leght) jn't laeste van dese maent gesamentlijck
639 1834 1868 2060 hunne sreijseaentevangen.
639 2016 2838 2242 Verschijnt jn vergadelings den Coopman tlicdoa
683 2194 2728 2355 Daukes jegenwoordigs Cassiev van Batavia
13 2140 523 2343 den taije meteir
33 2297 518 2419 Banki gevordert
646 2325 2830 2490 welcken dienst bij nu over de sesaeren tot ons vol„
25 2385 629 2501 tot oppercoopman met
49 2443 546 2597 100 gl:s 's maents.
657 2456 2818 2641 komen genoegen heeft waer genomen, ende bekleet
640 2611 2763 2746 versoeckende om mits het Eijndigen van zijnn—
648 2702 2758 2879 verbonden tijt verbeteringh van qualiteijt en
2740 2795 2861 2903 63
635 2822 2833 3032 gagie te ogen genieten, winnende als nu 70 gl:
639 2955 2811 3160 ter maent, waer op tedelibereer zijnde is goed
643 3080 2653 3302 gevonden hem te avanceren tot oppercoopman
119 3233 223 3376 „
623 3195 2824 3396 onder een Crgitement van hondert guldens ten maent
625 3341 2858 3577 ende een verbandt van drtejaeren beijde eeden aenvanck
625 3511 1036 3641 nemende.
618 3653 2668 3875 Js mede gelesen het overgesonden request vanden
574 3762 2927 3987 Jadsistent Conttantinus Kanst d=o Ionge jegenwoordig
2347 3932 2793 4115 bescheijden
