2970 4743
7 4472 108 4605 5
43 83 280 256 ƒ144
266 187 381 318 144
44 917 599 1119 geen van ons volck na
478 1097 540 1203 f
25 1085 470 1193 de mattaram op
38 1154 324 1276 zonden.
30 2699 646 2905 het werck daer na te
19 2854 598 2974 schicken om met de
25 2946 603 3076 maght voor ’t wester
34 3029 633 3157 mousson hier te konnen
34 3113 176 3279 f
570 2556 679 2721 5
646 260 2884 490 op te reijsen ende de pardijen van Cadjoran mitsgadere
559 476 2823 654 de gene die het met Croene djaja, houden te konnen
581 583 2749 787 wederstaen; ende dat dienvolgende om affronten tie
660 694 2821 930 mijden, ende in desen tijt ons volck in geen blijckelijck
656 855 2667 1051 gevaer te stellen, ons besluijt zij dat met alleen
658 983 2762 1157 geen soldaten, maer oock selve geen, van onse
644 1087 2799 1296 officieren, na de Mataram, sullen opgaen, ende dat
660 1245 2750 1441 ons protesteren, ende ’t gene aen dat verwarde hoff,
654 1349 2723 1547 te doen moghte vallen, sal moeten geschieden aen
567 1486 2737 1679 den Gouverneur Pangza Diepa, als zijnde hij
646 1620 2762 1820 gemaghtigde vanden sousouhonnangs, niet wien het
638 1758 2801 1968 pngste contract gesloten zij, en gevolghlijck verplight
2671 1946 2794 2029 —
663 1868 2680 2095 om aen't selve hoff te rapporteren, sodanige saken
670 2034 2802 2210 als er niet ons voorvallen, ende verhandelt komen
661 2196 2760 2336 te werden, ende is wijders goetgevonden als nogh-
664 2301 2656 2475 te persisteren, bij onse genomene resolutie van
666 2408 2762 2640 25: Iunij jongsteeden, namentlijck dat het werck
661 2557 2780 2730 daer na zal dieren, en maten worden geschickt
671 2706 2764 2884 om voort jnbreecken van’t aenstaende wetter„
670 2815 2830 3019 monsson, ofte voor halff November, met de maght
660 2953 2635 3124 weder hier te konnen zijn; 'twelck negelijcks
656 3095 2688 3260 gemelte H:r speelman, ende den raad zal werden
660 3217 2721 3412 aengeschreven, daer bij voegende dat haer E E:o
666 3367 2760 3504 alles, daer na sullen dienen teschicken, om op —
658 3486 2679 3708 onse nader ordre niet ongereet te wesen onse
666 3629 2737 3794 Crijgsmaghten weder jnte trecken, ende tot
646 3742 2754 3904 malkander te vergaderen, te meer dewijl die van
622 3881 2783 4116 Nannings, Rombouw, ende Ionghoudjongh, hebben
2257 4084 2733 4289 duuven
2725 4460 2801 4616 3
