2922 4719
17 440 88 593 5
451 236 2238 478 anmen vanden geer: Heere gouverneurs
148 463 2299 682 ender den Raadt op Ceijlon: om wanneer de restieringh
102 619 2273 828 der afgelegene frontier vanden van aaure, en gale,
135 762 2266 1008 door onse begedare supalesen, selve jn gebruijck
135 934 2225 1170 sal sijn dan wader alsaagens pe doen jnvorderen
132 1121 2173 1346 soo veel voordelen, albe den Beed van’t Lander
129 1246 2241 1456 sij compeeerende te ionnderen, ene de bedonneren
136 1420 2212 1643 dat sulcs niet en sal mogen worden begonnen
131 1568 1957 1801 sonder speciale ordre van dee vergaderinghe,
133 1830 2298 2128 De dedneen dat met den Ceden, ale ver wijderigs
116 2068 2263 2272 gehmijd, en met denselven geen oorlogh aengevangen
123 2200 2260 2441 zal werden dan niet ons toestren, en contnet, dogh,
133 2378 2258 2587 soo den selven van zijn Vijanden vervolght werdende
130 2519 2261 2744 sigh genootsaeckt moghte vinden, de vlughten op zijn
172 2651 2211 2858 Eijlandt Nammenacoel, en aldaer Comp:s
138 2821 2255 3052 hulpe, en beschernnnge quame versoecken, soo en
125 3001 2236 3183 sal hem sulcks niet mogen werden geweijgert, deg
132 3126 2077 3335 waer moghte blijcken, dat hij ongelijck hadde
133 3246 2164 3481 en na geen reden Luijteren, nogs satisfactie
147 3432 1534 3600 aen zijn Partijen, geven wilde
291 3671 2151 3923 en Disiapoursen, oversten Egovie Ragie
1915 3923 2045 4040 die
2635 70 2763 152 21
2625 191 2767 330 21
