2962 4776
21 115 97 211 1
2610 43 2793 209 253
2587 193 2856 348 253.
423 273 2380 558 vonden deit daght elapan op midderburgs
428 525 2348 664 overgaen schipper Jacob wan, en vant
147 650 2311 842 schip on uijd. alsbroeck. (twelck der langs van
1744 797 1971 891 ee
1535 802 1737 892 de ij
221 786 2309 993 al imang: wert verwaght:) schipper Cornelis
118 988 2289 1176 Cornelisz Dlameroor waer en tegen dan
107 1099 2827 1308 weder sullen verwisselen ende over gae en tot schipen p
2267 1232 2898 1401 Japan, en zuijdtpolib=
97 1269 2891 1454 de schipper vande vip. zde van de veweed, op ckn sindesmid
2366 1436 2889 1590 sijmon Choon.
120 1414 2379 1660 het jaght japan, en op het schip Luijd. polsbroeck
123 1586 2241 1816 bijmen ederstroon alshans bescheijden
429 1728 2288 1913 Boeckerd de goutvinck, die wij goet„
122 1868 2332 2115 gevonden hebben den eersten van japare herwaerts
918 2038 2400 2227 volgens de ordre van de heegen
162 2173 2309 2332 onse panclen te dienen tot een voorseijlder
169 2308 1661 2512 vande aenstaende retour vloote
286 2524 2862 2767 de versoeck vanden fabrijck adriaen de Adian de Secuw.
134 2728 2953 2963 Leeuw, hebbende dien dienst nu al een geruijmen bewegen de gultes
2341 2859 2856 2998 van oppercoopman
177 2882 2351 3063 tijt tot ons genoegen, waergenomen, is goetgevonde
2349 2956 2924 3094 En ƒ120: ter maent
176 3011 2264 3237 denselven toe te voegen de qualiteijt van opper„
177 3163 2338 3383 coopman, ende een tractement van hondert en
171 3297 1545 3527 twintigh guldens ter maent.
342 3547 2384 3749 Ende is nogelijck verstaen de gagie vanden
2313 3610 2919 3852 Capitair Wrdorp ƒ 15.
191 3733 2314 3925 Capitain deses Casteels Aernout Weedorp.
189 3838 2457 4085 te verhogen van hondert tot hondert en vijffthien„
122 3988 1201 4219 guldens ter maent
1939 4200 2294 4384 gelijck
1497 4432 1677 4600 d
