2955 4703
50 4523 118 4654 1
94 24 242 145 162
210 132 443 283 162
2543 -33 2617 73 1
1861 -4 2093 187 J.
622 226 2752 473 is, met prgeden Ciboekis, tegens drie nopias voor een Dagoos.
642 409 2775 579 en soo seght zijn E: den Cours des wissels, van die beyde gelden
648 500 2720 629 aldaer onder de Cooplieden, winckeliers, en WEarckzitters
631 604 2810 733 sonder eenige tegensprecckingh off verschil ingebruijck tewesen:
642 731 2642 837 sulcx verders oock wogende te bethenden. met een request
559 825 2713 998 vanden Wlakelaer Dabdesmaj, jnde portigese Chale uijt
621 946 2663 1106 BDingurla megebraght, aenden Ed: heer generael wel
648 1027 2814 1185 gemelt waer bij het selve mede wert aengehaelt, en bij t welcke
613 1132 2836 1322 den selven versoeckers oock te kennen geeft, dat tot Wingurla
643 1270 2817 1431 ten onregste d’E Comp:e soude zijn afgetrocken, op de bedongen
642 1367 2772 1527 suratse prijsen, de vier ten hondert voor souratsen Choe, en
653 1505 2801 1654 twee ten hondert voor Wingurlas nabath: solliciteren de wijders
621 1585 2759 1766 dader bij dom betalingh van't gelt zijner makecaerdij (zijnde een
717 1688 2759 1858 n hoedert:) ’t welck ham enelijcke Iaeren verleden, niet souw
637 1826 2775 1983 zijn voldaen, soo hij schrijft jn drie Wingunlase souraalen van
660 1913 2785 2077 Rlegotie vande Jaeren 1870: 1673ij en 1675: hebben wij bij
585 2039 2808 2150 dese en gene posten gesien, dat op de verkoghte Coopwaaren
643 2130 2657 2299 aldaer vande suratse Prijsen, over al staet afgetrocken
652 2193 2831 2392 vier ten hondert door suratse Chol, en hien en daer, oock tiede
658 2371 2826 2511 ten hondert vor Bingunlas rabats, off gereede betaling
648 2466 2778 2625 als mede dat de verkoghte goederen steede belast zijn
655 2580 2496 2749 v een ten hondert van makelaardije aldaer
630 2762 2760 2971 het blijckt oock bij deselve boecken, dat de ingurlase
623 2907 2818 3092 Cassa, ofte Cooplieden, de prijsen van suratta, met zijn aen
621 3021 2655 3171 gerekent, uijt de waare waerdij en wisselingh vande
631 3132 2766 3308 voorsz: silvere, en goude munte jn specie en waermede zij
639 3218 2769 3394 luijden alleen hun reeckeningh hebben te maken, maer, dat
633 3329 2648 3489 sulx geschiet zij uijt ’s Comp:e reductien, van 28 stuijvers
635 3489 2781 3637 voor een ropia, en 95 stuijvens voor een agood, jn suratta
639 3571 2766 3727 en Binguala respective, ’t welck een reeckeningh is die Een
644 3672 2645 3814 geensint en raeckt, en waer door d’E: Comp:e dan te
645 3778 2709 3904 kort /souw zijn gedaen, 39½ r/a: op hondert Dagoden
648 3889 2775 4064 jndient waer was, dat altoos, off Junners veele Iaaren
643 3994 2760 4165 herwaerts tot Bingurla, drie hondert suratse ropias
2341 4174 2664 4305 voor
2470 4264 2555 4387 8
