2922 4730
2592 77 2780 228 204
2594 196 2805 299 201
6 191 213 321 8.
141 293 2260 550 niet aen en latten, ende alsoo selve geen roverije
131 504 872 635 komen te plegen
80 651 2114 874 oin voortekomen dat de Roggevellen die van
2259 798 2887 988 Lrijs der noggevellen
104 829 2226 1031 Rammenacoil aff. tot Nagapatnam toe werden ge„
2261 922 2823 1040 op Nagapatnam te
2252 1006 2775 1135 verhogen en op
33 995 2182 1171 drooght, niet jn andere handen komen te vervallen
2276 1091 2816 1219 Tengepatnam be-
2679 1202 2724 1264 —
2297 1175 2689 1289 verminderen
121 1146 2295 1321 is goetgevonden den vrijs daer van tot gem:e Naga„
120 1294 2287 1474 patnam, twee pagoden het pack te laten verhogen
119 1403 2144 1618 en na Cormandel te ordonneren; dat deselve tot
115 1553 2140 1792 tegenepatnam, twee pagoden jn prijs werden
131 1730 652 1902 vermindert,
116 1912 2210 2191 Aende Cooplieden tot voornoemde Nagapatnam is
2258 1985 2877 2198 aende Cooplieden tot
122 2104 2257 2312 oock goetgevonden, toebestaen, dat zij aldaer jaerlijk
2266 2166 2866 2279 nagapatnam toege
2260 2236 2805 2367 staen den handsl
117 2230 2150 2441 een â twee, scheepjens na afchin sullen mogen
2269 2332 2620 2489 op Archin
2602 2384 2701 2467 —
116 2400 2312 2612 aquipperen, en afzenden op dat ’s Comp:s jngesetenen
48 2548 2155 2760 mede eenigh deel mogen hebben jn dien handel die
89 2698 2235 2909 d’ E: Comp:s selve ongelegen komt bij de handt
95 2898 2292 3048 te nemen, en van Porto novo, off elders door andere
104 3001 2077 3215 jnt geheel wert waer genomen, ende vervoeght
105 3191 2109 3434 Datmen door het Eijsschen van sodanige conditien
115 3415 2298 3602 als niet te presumenen zij, dat de klaick van Madure
2252 3518 2888 3714 ’t versoeck vande Reijck
44 3519 2204 3756 sal toestaen, heeft getraght, te ontleggen desselfs
2249 3667 2804 3781 van Madure om een
94 3683 2084 3894 versoeck om ee Lijffndaght van Hollanders te
2248 3740 2921 3901 lijffwaght van Hollanden
2272 3835 2919 3967 te hebben gedielineert
115 3869 2233 4014 leen te mogen hebben, wert geoordeelt, seer wel
2269 3942 2773 4098 is wel gedaen
47 3976 2313 4187 gedaen te zijn, ende is oock verstaen, dat sodanige
47 4113 2070 4326 odiense versoecken voortaen op deselve wijle
2168 4269 2297 4360 hit
1798 4284 2280 4466 gedeclm:
1388 4404 1548 4536 9
