3012 4800
168 55 296 166 80
199 180 378 325 80
2315 71 2830 485 116 33„
1011 585 2906 898 ae e ae ende an ae seen igdee
672 818 2898 973 heeft als mjn bergaderings gevaagene ven pperiticare
676 995 2843 1180 van de Coopmanschappen dede beijde packbluijsen jn doorraedt
678 1108 2797 1324 ende tot det sapanden sandel senden konchn densige
655 1215 2882 1476 zijn, bestaende wel den principalen in 1018½ packen
695 1362 2767 1622 Concqunnee, ende 1589. baelen Gengueloe sijde
682 1507 2780 1711 waer op gedelibereert zijnde is goetgevonden ende
686 1690 2609 1841 vers daen het Cargasoer dat dese toemt
600 1782 2708 2036 den selven handel zal werden gebruijckt niet
76 1908 666 2096 niet meer als 10 sonnen
682 1951 2645 2153 hoger te nemen als op 10.' Connen goete ende a
59 2062 695 2213 goute na Iapan te zenden
692 2083 2879 2293 onder de zijde op ongevaer bkamen, namentlijck
48 2173 703 2386 dien onder b voenen aen
700 2253 2841 2471 alle de bovengen: Coucquende, ende 880 baelen
53 2299 304 2458 Zijke.
668 2379 2682 2584 Dengaelde, sullende het gebreeckende moeten
674 2520 2972 2738 genomen worden, ende bestaen uijt sodanige vaderlantse
683 2664 2685 2907 11Canifacturen, Cormandelse, en Dengaelse
670 2808 2741 3004 kleden, mitsgaders andere waeren, als uEd
654 2943 2756 3193 bevindinge van voride Iaeren in japan met her
679 3089 2693 3270 meeste voordeel sullen konnen worden vertiert
652 3231 2828 3430 gelijck mede uijt de vellen Ex:r dieen Comptoiren
722 3390 2784 3595 dam voor japa sijn jngekaght, ende met de reets
663 3522 2705 3738 vertrocken sluijt ’t huijs ter verpijck aldaer sullen
659 3670 2784 3906 werden aende maht gebraght; boven welcke
2382 3844 2669 4070 fleuijt
