2987 4751
77 69 287 263 266
176 206 375 395 266
821 289 2937 574 rjdagh 26: Novemb r „ „ 371:
1491 554 2815 816 1 g 1pk tirs dooft
670 783 2844 1061 Ja gelesen epn requeet Eeven te deder vergaderngh
16 988 2767 1178 stoesseijn omardrij moor, ingedient voor ende van wegen hoeseeijn omardzi„
38 1112 699 1234 Eessie sijns boedele vergind
28 1190 610 1300 met Committiniuus aen
650 1136 2633 1391 moors jngeleten deser steede, waer bij denselven
7 1264 627 1405 den Raet van Iustitie
614 1271 2736 1509 te kennen geeft, hoe dat door geledene schade, en
632 1465 2612 1721 ’t sterven, en wegelopen, van zijne Lijffeijg
673 1616 2239 1888 onpermeee was. geworden, zijne s
694 1820 2080 2054 e voldoen versoeckende dat hij t
715 1956 2121 2224 di selvhmoghten doen afstandt.
2566 2122 2810 2329 5 „
635 2158 2072 2367 gedderen, ende tot dien eijnde gen:
2067 2123 2283 2327 1
641 2306 2115 2517 van Celsie, aer op gedelibereert
632 2455 2243 2671 goetgevonden den suppliant zijn ver„
640 2623 2091 2858 staen, me Committinus aenden 1.
640 2780 1874 3016 van sustitne dse Casteers.
2278 2919 2369 3077 9
735 3014 2562 3308 dneede tijt gekomen is, om bejndinge na de
642 3236 2758 3446 Oosteree provintien te konnen doen, en dat hier
635 3354 2730 3607 ter rheede meest met rijs afgeladen leggen, de
14 3513 645 3703 de fluijten oosterblocker
655 3513 2849 3746 fluijten, Oosterblocker, ende spaerwoude, soo is
34 3647 602 3756 en sparwoude voor aff
15 3725 617 3892 naer Banda aengeleijt
627 3694 2793 3928 goetgevonden, ende verstaen deselve metten eersten
2622 3851 2768 3982 1o
631 3881 2699 4036 na Ganda, te zenden, ende boven de gem:
2425 4060 2686 4219 rijs.
