2930 4695
7 1385 113 1521 C
2651 41 2746 183 39
2666 130 2829 353 39
138 178 2306 499 geene die voor ’s Comp„s schepen, de goeenemen,
2234 320 2914 515 tot gebruijck vande Winkel
138 412 2239 571 den, directen, Comptoiren Ed:a hier jn India sullen
2235 478 2839 569 alhier op Batavia be
2253 545 2851 670 laten distileren Olie
43 561 2256 774 „komene vereijsschen, mi dat vet bje nodigh
2241 621 2883 732 van Nagelen noten en
2262 701 2870 829 foelie en op Ceijlon, olie
37 719 2597 898 daeg de uijt s Comp:s magazijn, ofde dooghovergd van Cmel
2687 816 2746 905 —-
36 840 2286 1083 „werde gesourneert, heeft nu bekent gemaeckt
106 1032 2255 1207 hoe zedert eenigen tijd setwaerts door geeecke
119 1185 2263 1387 van bij van tlagelen, rleden, foelij, ende Camel
81 1306 2250 1575 de rispective ejssthel, ten heedenden ovolden
69 1486 2326 1724 gebaan zijn, versoeckende dat daer pende wougen
56 1635 2257 1852 ende de nodige ordre gesrest moete werden.
123 1807 2014 2022 waer op gedelbereert zijnde, ende oekn
132 1980 2205 2176 eenen geconsidereert dat sodanige Rlietenen
125 2137 2247 2352 menigsnlaelet werden geeijstet, van dese en
131 2261 2211 2508 geene der pediaense grooten, dienien deselve
137 2426 2270 2705 niet tgel en kan wehoeren; soo is goetgevonden
130 2582 2271 2831 en verstaen, alhier op oek bequanme plaets ense
2152 2838 2221 2907 —
118 2792 2170 2956 onder goede besight, te laten distileren, soo
125 2921 2204 3114 veol vande selve dlieteijten, afs tot dagelijcke
135 3081 2269 3305 gebruijck, ende voldoeningh van gemelte Eijschen.
92 3214 2261 3443 sal nodigh zijn, uijtgesondert, alleen de dlid van
130 3367 2277 3537 Candel, die mogelijcx onder nauwe en behoor.
140 3533 2229 3746 lijcke wesight zal worden gedisndeert, op het
157 3691 2272 3832 Eijlandt Ceijlon, alwaer sulx niet alleen
137 3840 2251 4016 veel gereder maer oock niet minder onkosten
1867 4039 2114 4179 zal
1163 4290 1257 4411 7
