2971 4752
2613 149 2824 294 283
2334 240 2606 429 283
176 273 2327 529 pdintaeckamaens na deliberatie goetgevonden
2352 415 2986 632 en ven Pisk om
7 478 2334 694 denseven hnr op batovian te laeten komen dom
2335 578 2914 693 Redenen hier op
2313 649 2983 792 Batavia te doen comen
172 611 2357 849 alse dan wijders te resoeveren hoodanigh met zijne
2342 724 2931 816 om dan verder over
2329 799 2931 962 hem te disponneett
272 795 408 938 er
689 759 2305 1011 voerkomingh van alle te veesen on„
181 908 1940 1179 benen san moeten worden gehande
2832 1282 2930 1408 k
203 1164 2947 1483 Op is mede overevolden te approceen dat den iasllem vanden Con
2317 1459 2890 1559 Van Tanete dam
212 1407 2320 1631 Coninck van Canele Dam Matoelongh op het ven„
2322 1530 2854 1637 Matoelang, en de
166 1524 2261 1755 voeck van zijn grooten: en zijn eijgen behejders
2329 1604 2874 1735 Sucessie van zijn
2339 1686 2949 1798 boeder dain mabadiar
154 1722 2304 1877 van twleeblijck teden die va onen te hebben
2325 1753 2824 1934 mede geappobeert
269 1829 2165 2068 iideert was afgeselt, en desselfs broeder
147 1854 249 2006 2
443 1946 541 2007 ig:
557 1939 730 2023 5
1264 1984 2263 2213 diack in zijn plaetsen
138 1982 1179 2206 ƒ 255„ 3 pib
142 2151 1093 2367 : alot op dis n
50 2295 1316 2512 n sorotlx v
1295 2389 2268 2631 pamindert de klagaten
1286 2556 2322 2772 allas kra Paque, over
258 2656 2334 2916 opoet vol „ rlaccas, en zijnen denbanck
123 2823 2111 3023 ld isten stp: b van zijse dathem Eeele
105 2974 2280 3193 reelebvnes enwoonders parthije houtwercken Rh:a
184 3134 2253 3368 en wijders geconsidereert dat het daer uijt geresen
180 3323 2243 3527 missoegen, ende de vereijderings, busschenen —
2265 3364 2936 3593 Palen Peda pelen
145 3442 2280 3648 Radia Camparangs, ende zijn swager den Coninck
2289 3547 2890 3664 en sijn swager Radja
2276 3623 2921 3748 Tamparang d’ eerdragt
163 3596 2198 3769 palacca, wel verder moght komen uijt te bersten
2272 3696 2920 3868 na vermogen te besorgen„
188 3744 2158 3932 ende van eeg schadelijcken na druck te werden
166 3860 2302 4085 soo is goetgevonden, en verstaen de H:r president
194 4036 2275 4253 Jacob Cops, en den raadt seer eriustigh aen te
2013 4188 2373 4366 bevelen
1451 4357 1570 4570 15
