3008 4791
164 312 2330 544 Bchuenbeere gebruijckt werd vat ket:
49 560 2166 786 tekant doosdee van de Jaffanapatnamr
223 687 2302 919 dE runijs Egsoer met die boelegenighe de
228 870 2347 1147 welcke bij afezindeue mnissivie sal worden
156 1043 2344 1353 gedaen, dat haere personen bij voorval pan
211 1223 2303 1521 hoger emploij, jn gunstige gedaghtenis sulen
196 1413 1059 1611 werden gehouden.
221 1655 2325 2020 Wiele gelet zijnde op het jongst ontfangen
1108 1920 2322 2129 D: Laurens pijl, Commandi
480 2090 1027 2324 sfe:vat vam
1014 2073 2314 2255 ende de redenen die zijn E:
160 2210 2293 2502 geeft, waerom de veschilder de kleeden. onder
89 2369 2377 2682 dat Commandement soo goet coop niet en konnen
371 2565 2195 2852 den gemaecht als tot Nagapatnam
194 2742 2344 3008 namentlijck elde wel den principaten, om dat de
186 2945 2222 3183 rijs op Cormandel, ordinair, de helft beter coop
184 3136 2343 3319 is als op het Eijlandt Ceijlen, soo is na deliber:t
193 3215 2312 3501 goetgevonden, ende verstaen, te ordonneren
79 3350 2389 3643 dat deselve geschilderde kleden voortaen besorght
145 3550 2334 3782 ende jngekoght sullen moeten werden, daerse voor
85 3731 2289 3949 de minste prijs te bekomen zijn, alsoude daer
42 3872 2270 4140 door oock weder komen te vervallen, ende tot
1974 4117 2223 4243 niet
1515 4471 1635 4601 9
2350 3138 2412 3240 „
2649 116 2826 246 243
2657 270 2860 426 243
2361 1939 2937 2144 geschilderde kleden
2324 2038 2871 2226 delgen deere
2339 2185 2947 2331 tot de minste prijs
2330 2277 2861 2415 te bekomen zijn
