2981 4748
104 45 269 171 246
2269 96 2387 224 1.
146 151 365 322 246
547 86 2727 556 Prijdagh 15„' eober: A„o 1687.
664 675 2790 981 Begolen werdende hae onde gestelde ordres
38 778 612 1035 Cnite
649 905 2774 1140 ende genomene resolutien van dato 20:e maij, en
52 981 604 1104 buijten comptoiren
59 1062 677 1200 op komende hun gagie
650 1052 2753 1309 30:' augusto 1667. tegen het herwaerts op„
67 1143 612 1299 te laten stil staen.
637 1210 2555 1473 komen. van Comp:e diengeren uijt verscheijde
649 1451 2752 1642 gewesten, en plaetsen. van jndia bij na geheel jn
642 1554 2832 1789 verval, ende disopservantie zijn geraeckt: ender dat
636 1716 2835 1974 eenige Personen, om haer particaliere affairen
634 1914 2785 2091 ofte oock wel om andere emploij te krijgen soo nugen=t
633 2020 2759 2279 dan overgekomen zijnde, hier tot laste vande Comp=e
2632 2206 2788 2388 500
627 2236 2618 2393 buijten actuele bedienings blijven continueren.
631 2357 2722 2555 1s na desiberatie goet gevonden beslbten en vast
637 2530 2885 2781 gestelt, dat alle sodanige herwaerts komende Dienaren
606 2696 2656 2907 soo van hooge als lage qualiteijt, niemandt, uijt
635 2825 2753 3059 gesondert hun gagie zal Cosseren, ende stil staen
621 2976 2730 3222 van die tjt datoe haere plaetsen doste Comptoiren
600 3151 2849 3363 hebben verlaten, tot datse weder emploij sullen krijgen
623 3274 2827 3515 uijtgesondert de gene die haer verbonden tijt uijtgedient
600 3431 2692 3637 hebbende, na het vaderlandt komen te vertrecken
597 3569 2586 3812 dewelcke dan oock haere gagie sullen blijven
540 3714 2806 3927 behandedon hier nogh overblijvende soo zal haer
591 3849 2781 4111 gagie almede als voren op houden en stil staen
2339 4133 2466 4262 Op
