3004 4791
2713 51 2878 198 69
2660 216 2795 353 67
403 173 975 460 waagh
305 497 2351 751 Dewil de tijt op banden konp el het zajlen.
190 697 2351 920 hoeder begent e is laten, om bevendinge na de
207 860 2415 1047 Zult Cormatsel te knnen daer doors getgevende
2358 935 2951 1128 'twapen vander Gouw
306 1013 2974 1231 dien zijnde ean berete aende lefgen, bndel in (mander male
515 1130 2296 1339 de lat maelen det schip ’t wapen
141 1289 2310 1495 van Cergouw. twelck de wese vaecemen
62 1419 2435 1652 dieeltelijck nae aslsipdernaen, en na ontlossings
179 1577 2233 1760 van ’t jngelaedene voor dat Comptoir voort
180 1713 2315 1920 na Dimelepatnam m van daer afse baelen
168 1864 2392 2099 ende met den eersten weder herwaerts te vrengen
212 1986 2256 2185 soo veel vande gereethefgende lijs, ende ande
92 2138 2207 2311 =: waeren; als het selve zal konnen in nemen
248 2369 2334 2571 smede goetgedonden en verstaen, den residend
114 2536 2855 2721 ee bemelem: van baett als ulegelisels zij t ten e socer
2325 2644 2974 2845 Croon vogel na Lalembarg
176 2667 2223 2915 met twaelffduijsent spaenge realen ende
185 2828 2277 3079 partbijen diensti kleden e jncoop van peper
175 2968 2351 3202 weder na palmbangh te zeen, ende tot
149 3116 2319 3370 desselfs over ooer de gebruijcken den soecker„
154 3273 2283 3473 dat, de Cromigel, die oock met den eersten
166 3405 2329 3658 weder herwa zal komen, om nogh desen
187 3543 2431 3802 Jache Een poijagn nad Concquin te konnen doen,
160 3799 2368 4094 Nadien der ip: Andolphus van Parick
2033 4003 2354 4173 jegen,
1443 4348 1577 4475 8
