2998 4747
2277 93 2368 166 80
94 47 260 187 248
131 156 403 315 248
638 266 2778 504 Aenmd: opperhoofden vande fluijtschepen sepaerpouden
6 353 541 589 gperhooden van
662 476 2775 684 ende de veemster is goetgevonden op hijn versoecke
20 532 538 672 spaerwonde enden
25 627 588 749 Beemster de volle
766 621 2794 845 etepoegen de volle prenne voor gedang spoedige
53 720 591 914 premie toegeleijt
662 755 2822 970 poijagie uijt het vaderlandt, zijnde beyde voor
661 885 2757 1151 reeckeningh vande Camer amsterdam. jnzee
656 1112 2713 1310 gelopen den 11:' maert jongstleden, mitsgaders
2703 1216 2863 1301 dit
576 1212 2854 1467 den 9„en enn15:e september hier ter rheede gearriv:
659 1414 2860 1701 sadien weijnigs schipers die haer tijt uijt gedient
38 1545 678 1783 Iacob Been schipper,
676 1609 2884 1820 hebben bij de handt zijn, ende de H:r Constantin Ranst
45 1735 646 1861 op de Beemster.
54 1824 678 1937 azia te stellen om
676 1750 2874 1999 ordinaris raadt van Jndica versoght heeft, dat vande
44 1882 761 2028 daer mede te repatrieren
677 1907 2837 2137 fluijt de Beemster, op het sccip azia, waermede
669 2070 2743 2275 zijn E: voornemens is na het vaderlandt. te vet„
666 2184 2865 2394 trecken:) moghte overgaen, den schipper Jacob Deen
673 2358 2814 2618 als zijnde een bequaem, ende ervacken quan, soo 1s=r
673 2540 2765 2752 goetgevonden het gemelte versoeck toe te staen
682 2668 2820 2922 ende wederals schipper op de Deemster te
668 2833 2758 3056 stellen. Antonij van oontjongst bescheijden geweest
39 2847 693 3069 en schipper Anthonij.
26 3008 688 3194 van bort op de Beemsder
692 2956 2817 3168 zijnde op het schip Oordreght twelck afgevaeren
656 3129 2607 3335 is, ende nu op de rheede tot; een onderlegger
675 3250 1440 3464 wert gebruijckt.
790 3464 2644 3700 verkiags gemaeckt zijnde van het Coper
42 3606 2815 3828 vondeliugk vnd to de goude Coubans, en de Compeur, desen Jaere
64 3787 663 3915 Gout Camphur: Thin,
48 3806 2838 4045 voor d’ jndische grantinguijt Japan, staende te komen. ende tot Walacca
2331 3961 2532 4178 aen
