2952 4744
40 4525 115 4689 1
104 234 2234 568 te begrijpen de onseruijden, ee reparaien aende he
113 441 2240 706 noghte oock den opbouw, vande toegestaene Hooghnodige
96 614 2241 792 stenckte op Chilauw, de voorsganck vande begonne
104 828 2038 995 redout  alacpele, de afsuijdingh der
96 953 2212 1117 Jaffanamnse provintie vande Jannij, als mede
90 1092 2230 1278 het mgecken, ende opwerpen van soodanige wercken
60 1225 2233 1468 sals de not bij chielijcken oversal sal bomen
39 1395 879 1630 de vor eijsscheno
85 1610 2314 1897 het petal vande 4800. Europianen, die op het sluijten.
90 1838 2126 2040 der seecken a:o passado, nogs in wesen zijn bevonden
112 1947 2201 2208 1000. koppen te verminderen, alsoo geoordeelt hebben
47 2142 2110 2359 dat tot besettinge den fortificatien, en vastighedien
116 2290 2248 2500 onder het selve Ceijlonse Gouverpement paterende
122 2441 2153 2655 in dese vreedige tjden niet meer sullen vereijssen dan
116 2591 1722 2802 ongevaer 300 koppen, namentlijck
107 2744 2225 2990 tot Colombo ligombo, kalitare, alicon, ende deverdere
307 2935 2231 3131 poste daer ver behorende . . . . . . . . . . 1600.
116 2905 244 3101 5
116 3096 2229 3207 Tot galeMMature, en d’ andere waghten aldaa 500 â 550.
126 3201 1739 3435 Tot Jmapatnam, hammensiel paritare
268 3369 1918 3545 de anijsche passen, ende mindere vaghten,
1826 3473 2229 3631 400 â 450.
285 3495 861 3688 indie Landen.
130 3606 1841 3788 Co Trincoennale kotjaer Patticaloa Panoa.—
1675 3738 2229 3883 - . . . 200 â 250.
261 3754 1468 3932 en ’t geene daer onder behoort . . .
127 3891 1888 4110 Op Wanaer Calpatijn, en andere kleene waghten
1902 4008 2242 4135 . „ 150:
248 4033 1056 4186 van die plaetsen .
1279 4060 2249 4331 samen Cjen 3000:
1076 4274 1227 4431 1
2575 833 2662 988 1.
2642 -9 2766 118 17
