2922 4742
305 -23 359 66 8
2604 79 2751 206 13p
45 287 2250 509 diucken uijtdenen ofe verloopen ofte elders na gedrustit.
129 474 2253 623 zynde hier in gidan plaetgen van ’s Comp:s gebiedt
129 579 2223 747 te brengen, om gebruijckt ofte venkoght te werden
123 677 2277 864 souder consent ganden voornoemde d„ fregericus guejme
151 772 2151 931 op verbeurte van alle de nagedruckteboecken, en
2137 870 2187 915 —
53 868 2314 1039 daer en boven de sounne van Hondert rijcxdaelders a bost:
46 1010 2272 1159 jder, te appleceren een derden deeh den hoebe vanden
139 1110 2247 1306 officier de de Colange doen zal, het twee der den deelen
138 1225 2284 1450 den biehoore van de anmen der Diaconije, en getreffenende
132 1337 2349 1549 ten behoeve van’t fazarijs huijs beijde deser stadt Batavia
42 1452 2319 1694 Aldus gedaen in’t Casteel tot Batavia den op: Augus:
136 1587 728 1784 Artot o
126 1739 2248 1917 op het versock van d’eerw: Auguttinne Torsou
120 1860 2176 2080 om te mogten hebben wat vermeerderings van gagie
2247 1921 2937 2164 en Seedicant deugustie
111 2001 2230 2189 &:a winnende gegenwoordigh 8b guldens der maent
2232 2048 2885 2202 Tornbon 100 gl: term:
2257 2147 2726 2256 ende de ordinare
109 2140 2270 2303 is goedgevonden sijn Eerp: toebevoegen houdertie
2253 2218 2904 2368 Emolumenten toegevoeght
51 2284 2342 2493 guldens der maent e nevens sodanige Emolumenten
121 2390 2202 2614 als d’ andere predicanten alhier zijn genietende
170 2536 2325 2763 Jacob van erg Kachoda. op het scheepje salannatij
103 2717 2240 2902 toebehorende, een moers Coopman jn suratte genamt
2268 2704 2895 2924 versoeck van ’t opperhooft
117 2816 2170 3032 hagie abdul Reman, en leggende jegenwoordigh
2268 2868 2874 3003 van een moors scheepje
2250 2942 2747 3069 van Suratti tot
120 2942 2213 3151 ter rhede voor Bantam, heeft door den E: Licentin
2251 3032 2874 3165 Bantam gearriveert
134 3083 2086 3285 Ocker Ockensz: laten verthonen, een passe of di
2262 3126 2935 3248 om hier te mogen komen
2241 3179 2844 3338 handelen affe slaen.
118 3198 2161 3401 zeebrieff, door de H:r Commissaris ten directeur jn
135 3327 2205 3536 suratte Willem volger, indato 17:e feb:r jongstleden
125 3453 2207 3627 aen voornoemde Hagie abdul ten behoeve van gem
111 3577 2235 3794 zijn scheepje verleent, ujt kragste vande welcke
125 3702 2209 3908 hij oock versoeck doet, om met het selve scheepje
127 3854 2254 4026 hier tot batavia, te mogen komen, en aldaer te
133 3940 2092 4171 verkopen zijn mede gebraghte Tarwe ende
1886 4108 2199 4306 eenige
1402 4331 1535 4481 10
