2960 4796
253 303 2441 535 magstigh maecken n’t selve bij publijcque venditie
98 443 2404 663 „ alsmrij en onbelast, aende meest biedende te mogen
215 575 2315 806 verkopen; op welcke gedesoigneerde van gemelte
199 709 2095 907 Boedelmeesteren in die saeck, ende haer
223 872 2300 1010 voorn: gedane versoeck tot verkopinge van
227 974 2321 1136 eenige der selve er commissaire goederen als
228 1108 2381 1291 den goetgevonden weerde niet te disponeren, sonder
223 1247 2368 1367 al vorens te hebben het adeijs van eenige ervaren,
230 1349 2238 1565 reghts geleerden, uijt den aghtbaren raadt van
2182 1501 2237 1564 „
2233 1442 2378 1606 ee
208 1488 2311 1688 jnstitie deses Casteels, van het welcke haer
211 1608 2366 1826 ons nu schriftelijck hebben gedient luijdende van
199 1734 1553 1965 woorde te woorde als volgen
172 2023 2165 2216 Gevien Gijte onkergevn te Patimntaire.
181 2197 2342 2366 dispositie van en Chinees Coopman Conpck, gepasseert alhier
214 2323 2208 2449 tot Batavia, voor den Notaris Jan Reijsers, en seeckere
231 2381 2279 2558 getuijgen op den 27:' augusto des jaer 1657, mitsgaders twee
220 2482 2333 2672 Extract Reolutien van Heeren vedelmeesteren, deser stede
212 2596 2335 2782 Jn dato 84:e april en 24:e Martij respective deses daers 1677.
199 2710 2153 2919 En geveaeght zijnde, eerstelijck na de valedieijt van
216 2872 2332 3031 fideicomee bij den voorn: Testateur in zijn voorsz:: Testamente
200 3028 2349 3175 jngesteld, en speciael off de goederen daer hij sidei commissubject
195 3086 2197 3270 gemaecke, bestaende jn commige leedige erven, en ten
207 3193 2306 3383 meerendeele in petacken binnen deser stede gelegen, daer van
206 3291 2305 3445 alreede eenige peracken, gebeel bouwealligs soude zijn anderen
214 3411 2300 3557 oock hoe langs hoe meer veronderen, waer bij door soort ganck
212 3551 2279 3677 van tijt, het Capitael deer staet te verminderen wel soude
204 3645 2344 3826 mogen werden verkoght, mits de penningen daer van precederende
206 3743 1981 3867 in platte der selve goederen wierden gesurregeert.
228 3863 2259 4072 En ten tweeden, off de resolutien, die by de twee voorsz:
2037 4018 2353 4162 extracten
2629 110 2828 231 91
2649 249 2802 404 91
