2945 4721
111 31 306 235 208
200 145 411 292 208
662 260 2779 500 van zulcken staat, en condirie als bij Cuplent kan noijs
673 444 2727 567 magh gelijden worden, veel lieert seren wibbende.
669 539 2801 710 tweshalven bij suppls: sigs op ’t ootmoedighte tot uEd:e hoogd
562 665 2825 859 Saghtb:r is eerende seer instantelijck biddende dat uEd:
660 790 2807 898 hem ouppl:t in zijn hoet regst gelieve te deschermen; en te
656 916 2803 1083 mainctiaeren, en dat na Ceijlon, mogst gesfz werden dat
659 1007 2801 1222 hij duppl: hier op aasla, als een eerlijck man van
659 1111 2787 1317 sulcken staat, hier verblijft, op dat zijn groot geslaght
658 1229 2758 1447 niet tot desperutie mogst komen de vervallen en ijets
616 1364 2707 1529 moght komten voor te nemen, dat hij suppl:t met gaerne
646 1457 2776 1668 souw dien en horen, off soo het minste quadt jx hem sjpp:t
646 1566 2816 1775 bevonden wert, dat een ander tot enel opt rigorenste
651 1671 2844 1893 magt gestraft werden; waer op hij suppl: uEd: hooghaghtb:e
591 1783 2204 2017 favoralsel antwoort zal verwaghten
745 2004 2859 2205 Op welck versoeck oeldes zijnde soo is na deliberatie
36 2079 651 2266 de bewijten tot sijken
41 2227 661 2390 baste van Eeijlon bo
647 2192 2854 2397 goetgevonden van Ceijlou, te eijsschen, en aftewagsten
36 2285 317 2418 eijschen.
609 2307 2803 2537 de bewijsen, die aldaer van des suppl:t beschuldigings
643 2437 2644 2668 souden megen zijn, hem onderwijlen houdende en
635 2592 2785 2783 hier latende verblijven, als een eerlijck onderdaen
15 2594 609 2798 dielve hier de houden
2715 2741 2776 2818 i5
634 2701 2759 2917 van d’ E: Comp: onder den tractement van 10: rxd:
15 2777 551 2892 en toe teleggen een
23 2863 646 3023 tractement van 10 ux„
653 2844 2776 3056 ter maent; om Ceijlon, ten laste gebraght en uijt des
22 2955 392 3078 der maent:
631 2975 2829 3191 supp: middelen (noo hij nogh eenige heeft) weder voldaen
658 3134 2782 3325 te werden ende alsoo bij secrete resolutie tot
710 3228 2763 3411 jolombo, in dato 5:e maert, jongstleden, over den persoon
628 3368 2799 3588 van gemelte adigaer, genomen, vermelt wort dat den
-1 3471 611 3586 van’t voorgevallene tot
-1 3555 546 3679 lattoene omstandigh
619 3504 2761 3710 helven nogh verschoont zij, ten tijde, wanneer een
-10 3623 563 3800 beright te eijschen.
619 3627 2773 3847 deel volck tot Gattoene over de klingh heeft moeten
608 3792 2779 3980 springen, soo is oock verstaen, aengaende die geschie„
525 3916 2811 4114 denis, een pertinent, en otstandigh beright te eijsschen:
609 4038 2807 4253 om te konnen weten hoe het daer mede gelegen zij geweest
2452 4256 2923 4487 Eijndelijck
