2976 4755
-2 4238 60 4332 8
51 1053 124 1175 „
2733 37 2914 176 215
2406 56 2618 246 215
57 275 2285 515 geampleteert en geapprobeert wert) tot Conchim:
2358 306 2994 529 tot couchin een goede
2363 477 2933 608 quantiteijt rijs opte
233 482 2301 671 sal mogen aengeslagen, ende opgeleght werden een
2319 554 2958 723 leggen geapprobeert
230 581 2172 807 enseehlijcke quantiteijt uijs, door Cooplieden
201 767 2290 919 van Camara„s aldhaer aenteberengen, ende dat
211 918 2411 1090 om die toevoer te beverderen, oock serge zal moeten
215 1022 2335 1249 worden gedragen, dat sulx geschiede onder geleijde
213 1171 2151 1405 en versekerings van ’s Comp:e schepen, om van
215 1291 1254 1462 rovers bevrijdt te zijn.
352 1557 2416 1748 dat wij het quast bedrijff vanden moorsen Adradia
2361 1644 2853 1868 ’t quaedt bedrijff
206 1700 2352 1900 tot Cannanoor, nogh zoo wat zullen moeten aensien
2364 1818 2851 1940 vanden moorden
205 1805 2334 2033 na dien het de Comp:e voor jegenwoordigh niet gelegen
2385 1907 2959 2040 adrasia tot Cananoor
163 1997 2359 2174 =komt, om't selve fejtelijck, ende niet maght tegen te
2382 1992 2967 2126 nogh wat aentesien
207 2086 2351 2309 gaen, ende dat onder wijlen van onse zijde alle offentie
199 2218 2397 2442 zal mosten worden gemijdt/ soo langh als het doenlijck
2334 2312 2876 2506 en alle offensie van
209 2354 2887 2598 en lijdelijck zij, om daer na niet te meerder reght, onse zijde te mijden.
178 2495 1891 2702 de vereijschte correctie te konnen doen.
167 2681 2356 2942 dat den Ragia van Cochim iet wien als nogh geden
204 2841 2226 3057 afrekeningh heeft konnen geschieden zal moeten
2210 2903 2856 3077 — den Ragia van
2314 3020 2906 3177 Couchin te vreeden
199 2977 2133 3175 werden te vreeden gestelt, ten aengaende de
2347 3112 2807 3232 te stellen.
208 3116 2331 3332 verschillen, tusschen denselven Ragia, en den sammo„
200 3239 2336 3476 rijn, mitsgaders het voorstel, om den laestgenoemde
135 3410 2306 3591 door ’s Comp:e vermlogtn, en het verthonen van een
211 3543 2311 3756 vloot schepen te brengen tot redelijckheijt, en het
2302 3674 2945 3868 onder snaaijn tot
136 3650 2193 3886 weder geven der Landen, den gemelte Coninck
2286 3799 2902 3930 reden te brengen om
210 3836 2227 4008 van Conchin toebehorende, op dat alsoo die twee
2210 3869 2295 4009 C
2287 3884 2971 4038 door Comp:s maght vaede
2307 3983 2932 4123 tusschen hem ende de„
129 3947 2260 4200 Dorsten, moghten werden vereenight, ende gebraght
2305 4063 2870 4209 nagia van Couchin te
2281 4123 2990 4302 bewercken komt nogh inde
1924 4147 2091 4280 tot
2287 4235 2583 4377 gelegen.
1417 4348 1510 4480 at
