2962 4735
3 160 61 358 2
2820 283 2888 399 7
2506 199 2613 457 t
2613 311 2720 421 „
599 227 2280 550 eilagt 5: Juuar„ A:o 1877
254 538 2205 856 Densschper mn't soecken de Crpogel 4:' Julij
2306 747 2980 959 de schipper mnit se he
166 791 2237 1042 anno passado. hier aengelande versoght hebbende, om
2309 907 2907 1045 de Croonvogel de voll=
2318 968 2831 1148 Frensie toegeleijg
172 979 2144 1233 de prenne van zijne tupreje, wegens de Camer
183 1127 2253 1370 amsterdam, als. den gedaen in 5 3/ maent, soo is hem
190 1292 1890 1498 de volle prenie van een boecker geaccordeer
177 1565 2298 1804 Op de versoecken vanden present hier aenwesenden gelat
2220 1637 2884 1879 den saren geant
167 1672 2261 2002 schebe, uijtde naem van zijn heer den Connck, van
2239 1819 2910 1953 2 Calior 1500 rp:s op reek:
2284 1893 2949 2030 van de Coninck te verstret
169 1913 2926 2104 Ternaten, gedaen, is na dilideratie veraen, an op Reeck, get en zjn kleden
175 2118 2306 2327 vanden selven, te holen versrecken, een somma van
170 2277 2250 2501 Vijff sien houdert Rijcxdaelders, de weten, een derde
174 2423 1525 2670 ingelt en twee dende jn kleedens
252 2652 2291 3011 Batavia pin tsteel datum ut Supra
1612 2976 2455 3198 Jaan praetsuijker
1579 3154 2281 3395 Banggen
1540 3222 1659 3326 1
1587 3358 2287 3554 Lanvens Pit
1557 3528 2404 3696 P. A. vertwater
1481 3694 2373 3982 Construti Pjigt
1617 3915 2466 4195 E Jaler Van sottier
1573 4127 2110 4426 Anhooe
