2976 4754
80 72 273 266 212
176 163 472 312 212
592 100 2850 577 Saterdlagh: 28„e Augustij A:o 163.
811 512 1165 699 1„  „
615 665 2710 950 zijnde door de Ehdeer Directent generael
22 808 562 1012 deliberatien op de
666 869 2776 1114 Rijckloff van goens jn vergaderingh gebraght de
25 941 646 1111 saarken van Mallabaere
640 1020 2808 1255 notulen door zijn E: getrocken, uijt de ontfangene
633 1182 2770 1421 Mallabaerse brieven, ende papieren, om deselve
642 1320 2755 1565 met de aenstaende besendingh te beantwoorden, soo
639 1477 2862 1739 is na voorgaende deliberatie op verscheijde saecken
633 1614 2539 1882 goetgevonden vastgestelt, ende geresolveert,
709 1856 2866 2102 Dat de Wemdrie door d’ E H:r Extraordinaris —
30 1998 653 2151 de memorie door de H:r
7 2074 2794 2316 van reede aldaer gelahraadt van India Hendrick van Rheede, jngeselt
14 2214 607 2362 n aght te nemen soo
640 2195 2674 2423 ende op zijn vertreck van Wallabaer aen zijn
12 2298 655 2439 lange nut anders wert
36 2406 477 2543 geordonneert..
643 2370 2831 2579 vervanger, den Commandeur Jacob Lobs, overhandigt
630 2519 2798 2734 sal moeten jn agstinge genomen worden soo lange
629 2660 2628 2907 als door dese vergaderingh, niet anders wert
620 2818 1241 3070 geordonneert
2573 2982 2638 3141 1 4:
731 3044 2809 3339 dat alle onkosten van fortificatien, en ’t bouwen
30 3144 681 3381 fortificatien en Gebouwer
626 3250 2773 3487 van huijlen afgeschaft, en van de timmerings die
28 3329 548 3521 afte schaffen.
478 3378 2817 3608 eheel nodigs zij, jaerlijcks, een pertineute rekenings
14 3527 2781 3726 vande heel nodige, reeck: overgesonden zal moeten werden, met beright om
10 3668 678 3808 en reden over te zenden
631 3696 2400 3931 wat redenen sodanige onkosten zijn gedaen.
630 3894 2815 4174 dat voortaen de prijsen, der verkogste Coopmansz:
619 4097 2864 4314 niet jn pagoden, maer jn ropias, jnde Negotie boecken
2360 4264 2708 4436 sullen
2425 4418 2590 4583 2
2862 3526 2914 3615 _
