2979 4750
-27 -105 57 63 5
300 2 410 139 1
2656 66 2840 171 1885
2691 186 2863 360 185
246 280 2407 583 Vrjdagh 20:' Augustij A:o 1677:
63 746 2314 1008 .D: H:r Jacob Cops piff gewest Eets Raadt
192 929 2422 1101 van Jndia en gouverneur van Amboina, jnt bedenken
194 1042 2319 1271 van zijne aenstaende resse na het vaderlands, bekom
2343 1017 2964 1249 d’ :r Cops jn comp:s diens
2330 1216 2903 1316 aengenomen en tot
205 1174 2185 1390 meringh gekregen hebbende, dat het koude en
2329 1276 2983 1447 president van macasser
195 1334 2752 1498 strenge Climaet aldaer, hangu zijn onder dom wel aeren.
185 1447 2233 1678 moghte toebrengen, eenige serwaere, en pijnelijcke
168 1577 2334 1820 ongemacken, als zijnde nu aln dese warme Landen
187 1722 2308 1933 door een continuatie van 14: Jaeren gewent heeft
178 1852 2291 2066 gansch eerbiedighlijck veraght om hier in India
217 1948 2267 2193 te blijven, ende in Comp:e dienst geemploijeert te
172 2145 2309 2311 worden, presenterende zijn dienst tot de prasidie
196 2226 2238 2459 van Macasser, dewelcke door het overlijden van
112 2343 2349 2602 den E: heDijbrandt Dubbelde op, is komen open,
195 2568 2314 2727 te vallen; waer op zijnde na gesien het gene de
196 2638 771 2842 Ed:e Heeren
1106 2660 2309 2892 bij haer Ede jongste generale
180 2832 2358 2975 missive van dato 2 to octobr 168. over gemelte zijn E:
191 2930 2321 3081 vertreck na ’t vaderlande zijn schrijvende t welck
197 3060 2277 3259 een schijnt jnte houden: ofte gebeselsen, een licentie
188 3159 2336 3363 als een ordre, dat sulcx soude moeten geschieden
181 3284 2338 3492 ende wijders geoordeelt dat zijn E: door bekomene
209 3408 2338 3618 kennisse en erparentheijt, om met de opsterse satien
208 3529 2339 3759 om te gaen, d’E: Comp:e op Mlacasser nogh goeden
94 3663 2336 3850 dienst kan doen, en dat oock de correctie over zijn
201 3767 2313 4005 persoon gegaen, hem nu algeleert zal hebben jn
201 3916 2263 4109 aenstaende voorsightiger te zijn, soo is na voor„
1955 4103 2303 4264 gaende
