<?xml version="1.0" encoding="UTF-8" standalone="yes"?>
<PcGts xmlns="http://schema.primaresearch.org/PAGE/gts/pagecontent/2013-07-15" xmlns:xsi="http://www.w3.org/2001/XMLSchema-instance" xsi:schemaLocation="http://schema.primaresearch.org/PAGE/gts/pagecontent/2013-07-15 http://schema.primaresearch.org/PAGE/gts/pagecontent/2013-07-15/pagecontent.xsd">
    <Metadata>
        <Creator>prov=University of Rostock/Institute of Mathematics/CITlab|PLANET AI GmbH/Gundram Leifert/gundram.leifert@planet-ai.de:name=IJsberg(htr_id=20209)::::v=2.6.6
prov=University of Rostock/Institute of Mathematics/CITlab|PLANET AI GmbH/Tobias Gruening/tobias.gruening@planet-ai.de:name=de.uros.citlab.module.baseline2polygon.B2PSeamMultiOriented:v=2.6.6
prov=University of Rostock/Institute of Mathematics/CITlab|PLANET AI GmbH/Tobias Gruening/tobias.gruening@planet-ai.de:name=/net_tf/LA73_249_0mod360.pb:de.uros.citlab.segmentation.CITlab_LA_ML:v=2.6.6
Transkribus</Creator>
        <Created>2020-09-07T11:01:16.638+07:00</Created>
        <LastChange>2020-09-07T10:50:00.273+02:00</LastChange>
        <TranskribusMetadata docId="471693" pageId="19517165" pageNr="253" tsid="39406851" status="IN_PROGRESS" userId="15017" imgUrl="https://files.transkribus.eu/Get?id=JWPKDIUAFKCMILGQSDUKNUTH&amp;fileType=view" xmlUrl="https://files.transkribus.eu/Get?id=QLIJTADCNUQZAXXHONHCIJGH" imageId="15084126"/>
    </Metadata>
    <Page imageFilename="ID-ANRI_K66a_889_255.jpg" imageWidth="2988" imageHeight="4744">
        <ReadingOrder>
            <OrderedGroup id="ro_1620455915468" caption="Regions reading order">
                <RegionRefIndexed index="0" regionRef="r1"/>
            </OrderedGroup>
        </ReadingOrder>
        <TextRegion orientation="0.0" id="r1" custom="readingOrder {index:0;}">
            <Coords points="63,0 63,4555 2927,4555 2927,0"/>
            <TextLine id="r1l1" custom="readingOrder {index:0;}">
                <Coords points="2344,111 2392,125 2418,0 2401,-3 2389,2 2386,-3 2369,-6"/>
                <Baseline points="2372,57 2387,60"/>
                <TextEquiv>
                    <Unicode></Unicode>
                </TextEquiv>
            </TextLine>
            <TextLine id="r1l2" custom="readingOrder {index:1;}">
                <Coords points="2602,230 2619,231 2630,220 2662,225 2694,201 2715,212 2740,212 2751,202 2758,209 2768,199 2804,204 2807,80 2768,83 2730,53 2705,60 2677,38 2663,52 2638,40 2606,47"/>
                <Baseline points="2621,135 2649,138 2677,140 2705,141 2733,141 2761,140 2789,141"/>
                <TextEquiv>
                    <Unicode>255</Unicode>
                </TextEquiv>
            </TextLine>
            <TextLine id="r1l3" custom="readingOrder {index:2;}">
                <Coords points="2584,318 2673,317 2736,363 2769,348 2787,350 2802,203 2771,196 2686,226 2594,224"/>
                <Baseline points="2603,294 2631,297 2660,300 2688,303 2717,306 2745,309 2774,312"/>
                <TextEquiv>
                    <Unicode>855</Unicode>
                </TextEquiv>
            </TextLine>
            <TextLine id="r1l4" custom="readingOrder {index:3;}">
                <Coords points="398,542 1788,523 1886,454 2288,513 2419,476 2416,304 1837,254 1746,325 1647,256 1566,317 1435,258 1228,339 737,274 396,394"/>
                <Baseline points="414,461 513,465 612,470 712,473 811,474 911,474 1010,474 1109,474 1209,473 1308,470 1408,468 1507,466 1606,464 1706,461 1805,459 1905,456 2004,455 2103,453 2203,452 2302,452 2402,452"/>
                <TextEquiv>
                    <Unicode>eijdagh 29 Ootobrt Ao 1677.</Unicode>
                </TextEquiv>
            </TextLine>
            <TextLine id="r1l5" custom="readingOrder {index:4;}">
                <Coords points="1860,513 1878,511 1890,520 1897,519 1901,522 1918,519 1904,421 1883,425 1875,419 1847,423"/>
                <Baseline points="1872,476 1893,473"/>
                <TextEquiv>
                    <Unicode>„</Unicode>
                </TextEquiv>
            </TextLine>
            <TextLine id="r1l6" custom="readingOrder {index:5;}">
                <Coords points="536,623 609,664 673,633 754,625 800,626 845,659 945,640 993,669 997,518 943,552 912,530 824,524 782,491 726,493 676,528 609,498 538,507"/>
                <Baseline points="555,617 581,618 607,619 634,620 660,621 687,621 713,623 740,623 766,623 792,624 819,624 845,624 872,626 898,626 925,626 951,627 978,629"/>
                <TextEquiv>
                    <Unicode></Unicode>
                </TextEquiv>
            </TextLine>
            <TextLine id="r1l7" custom="readingOrder {index:6;}">
                <Coords points="709,801 730,801 748,783 758,794 776,794 776,681 755,681 748,688 727,681 709,681"/>
                <Baseline points="726,756 759,756"/>
                <TextEquiv>
                    <Unicode></Unicode>
                </TextEquiv>
            </TextLine>
            <TextLine id="r1l8" custom="readingOrder {index:7;}">
                <Coords points="228,788 252,795 264,791 266,795 277,795 285,808 293,803 313,812 342,706 321,704 310,690 289,688 280,693 257,683"/>
                <Baseline points="254,753 281,767 308,768"/>
                <TextEquiv>
                    <Unicode></Unicode>
                </TextEquiv>
            </TextLine>
            <TextLine id="r1l9" custom="readingOrder {index:8;}">
                <Coords points="159,968 1460,894 1866,946 1960,871 2297,962 2447,805 2009,800 1867,678 1507,682 1128,841 894,745 464,845 157,799"/>
                <Baseline points="176,888 288,887 401,887 513,885 626,885 739,884 851,884 964,882 1077,881 1189,881 1302,879 1415,878 1527,878 1640,876 1753,875 1865,872 1978,870 2091,869 2203,866 2316,864 2429,861"/>
                <TextEquiv>
                    <Unicode>eer het overlijden van den E: Pieper vertangen</Unicode>
                </TextEquiv>
            </TextLine>
            <TextLine id="r1l10" custom="readingOrder {index:9;}">
                <Coords points="184,1099 843,1106 959,1024 1312,1004 1454,1112 1682,1040 1926,1109 2222,1068 2296,987 1544,911 183,972"/>
                <Baseline points="201,1034 304,1031 408,1029 512,1028 616,1026 720,1025 823,1023 927,1022 1031,1022 1135,1020 1239,1020 1342,1019 1446,1019 1550,1019 1654,1019 1758,1019 1861,1019 1965,1019 2069,1019 2173,1017 2277,1017"/>
                <TextEquiv>
                    <Unicode>pacaute geworden zijnde de bedieningen van</Unicode>
                </TextEquiv>
            </TextLine>
            <TextLine id="r1l11" custom="readingOrder {index:10;}">
                <Coords points="207,1244 2130,1224 2160,1033 1925,1123 1695,1053 1367,1129 1049,1018 916,1100 545,1052 454,1116 207,1103"/>
                <Baseline points="224,1172 320,1173 416,1173 512,1173 608,1173 704,1173 800,1173 896,1172 992,1172 1088,1170 1184,1170 1280,1169 1376,1169 1472,1167 1568,1167 1664,1166 1760,1166 1856,1166 1952,1166 2048,1166 2144,1166"/>
                <TextEquiv>
                    <Unicode>dintateur, ende Boechhonder generael t</Unicode>
                </TextEquiv>
            </TextLine>
            <TextLine id="r1l12" custom="readingOrder {index:11;}">
                <Coords points="2259,1188 2535,1179 2633,1205 2686,1177 2721,1202 2796,1164 2845,1192 2933,1189 2935,1009 2896,991 2853,1023 2705,1029 2641,1074 2483,1034 2416,1034 2345,1076 2260,1064"/>
                <Baseline points="2276,1167 2309,1167 2343,1169 2376,1169 2410,1170 2444,1170 2477,1170 2511,1170 2545,1169 2578,1169 2612,1169 2645,1169 2679,1169 2713,1169 2746,1169 2780,1170 2814,1172 2847,1172 2881,1175 2915,1176"/>
                <TextEquiv>
                    <Unicode>d Ehoiel Iarie vwed</Unicode>
                </TextEquiv>
            </TextLine>
            <TextLine id="r1l13" custom="readingOrder {index:12;}">
                <Coords points="2306,1273 2528,1286 2649,1258 2785,1341 2824,1323 2941,1339 2942,1180 2776,1175 2716,1199 2663,1177 2568,1208 2533,1180 2508,1201 2356,1185 2307,1209"/>
                <Baseline points="2324,1256 2354,1254 2384,1254 2414,1254 2444,1254 2474,1254 2504,1254 2534,1254 2564,1254 2594,1254 2624,1254 2654,1254 2684,1256 2714,1256 2744,1256 2774,1256 2804,1257 2834,1258 2864,1259 2894,1259 2925,1260"/>
                <TextEquiv>
                    <Unicode>koren tot visitateur</Unicode>
                </TextEquiv>
            </TextLine>
            <TextLine id="r1l14" custom="readingOrder {index:13;}">
                <Coords points="139,1389 1447,1410 1870,1328 2033,1398 2213,1354 2211,1188 2099,1263 1908,1208 1753,1266 1633,1196 1136,1271 137,1244"/>
                <Baseline points="156,1325 257,1322 359,1320 461,1320 563,1319 665,1319 767,1319 868,1317 970,1317 1072,1317 1174,1317 1276,1317 1378,1316 1480,1316 1581,1314 1683,1313 1785,1311 1887,1310 1989,1307 2091,1304 2193,1299"/>
                <TextEquiv>
                    <Unicode>beliedingh vande welcke perscheje verhonen</Unicode>
                </TextEquiv>
            </TextLine>
            <TextLine id="r1l15" custom="readingOrder {index:14;}">
                <Coords points="2303,1367 2345,1385 2472,1349 2528,1371 2550,1361 2624,1373 2645,1356 2715,1367 2717,1286 2685,1279 2660,1299 2618,1299 2590,1270 2519,1300 2498,1279 2305,1268"/>
                <Baseline points="2322,1340 2347,1340 2372,1341 2397,1341 2422,1341 2447,1343 2472,1343 2497,1343 2523,1343 2548,1343 2573,1344 2598,1344 2623,1346 2648,1346 2673,1347 2699,1347"/>
                <TextEquiv>
                    <Unicode>Generael.</Unicode>
                </TextEquiv>
            </TextLine>
            <TextLine id="r1l16" custom="readingOrder {index:15;}">
                <Coords points="173,1496 462,1571 776,1497 1245,1572 1986,1475 2307,1557 2307,1391 2173,1349 2103,1412 1867,1330 1489,1428 1006,1357 854,1423 173,1383"/>
                <Baseline points="189,1475 294,1473 399,1472 504,1470 609,1470 714,1469 819,1469 924,1468 1029,1467 1134,1467 1239,1467 1344,1467 1449,1469 1554,1469 1659,1470 1764,1470 1869,1472 1974,1473 2079,1476 2184,1478 2289,1481"/>
                <TextEquiv>
                    <Unicode>haer dienst aengeboden, ende versoeck gedaen</Unicode>
                </TextEquiv>
            </TextLine>
            <TextLine id="r1l17" custom="readingOrder {index:16;}">
                <Coords points="178,1624 489,1625 633,1711 2256,1642 2256,1560 1985,1474 1318,1584 775,1496 655,1570 179,1553"/>
                <Baseline points="197,1613 299,1613 401,1614 503,1614 605,1616 707,1617 809,1617 911,1619 1013,1620 1115,1620 1217,1622 1319,1623 1421,1623 1523,1623 1625,1623 1727,1623 1829,1623 1931,1623 2033,1622 2135,1622 2238,1620"/>
                <TextEquiv>
                    <Unicode>hebben, soo is na deliberatie goetgevonden ende</Unicode>
                </TextEquiv>
            </TextLine>
            <TextLine id="r1l18" custom="readingOrder {index:17;}">
                <Coords points="171,1768 764,1819 877,1742 1271,1856 1723,1772 1935,1840 2256,1799 2256,1643 1656,1716 1575,1652 1487,1726 1159,1661 595,1723 489,1624 171,1665"/>
                <Baseline points="188,1757 290,1757 392,1758 495,1758 597,1760 700,1760 802,1760 905,1761 1007,1761 1110,1761 1212,1761 1314,1761 1417,1761 1519,1761 1622,1763 1724,1763 1827,1763 1929,1763 2032,1763 2134,1763 2237,1763"/>
                <TextEquiv>
                    <Unicode>verstaen, uijt deselxe te perkiesen tot visitateur</Unicode>
                </TextEquiv>
            </TextLine>
            <TextLine id="r1l19" custom="readingOrder {index:18;}">
                <Coords points="44,1993 181,1912 534,1898 774,1980 2065,1964 2065,1801 1945,1755 1846,1843 1151,1864 866,1740 675,1853 435,1761 44,1817"/>
                <Baseline points="63,1904 162,1903 261,1902 360,1902 460,1902 559,1902 658,1902 757,1904 857,1904 956,1905 1055,1905 1154,1905 1254,1907 1353,1907 1452,1907 1551,1907 1651,1905 1750,1905 1849,1904 1948,1901 2048,1899"/>
                <TextEquiv>
                    <Unicode>n generael den ospercoopman Danmelj parpe</Unicode>
                </TextEquiv>
            </TextLine>
            <TextLine id="r1l20" custom="readingOrder {index:19;}">
                <Coords points="141,2111 427,2047 772,2146 1679,2070 2112,2135 2236,2076 2237,1981 1222,1946 882,2013 601,1897 143,1910"/>
                <Baseline points="159,2037 262,2037 365,2039 468,2041 571,2043 674,2045 777,2048 880,2049 983,2052 1086,2054 1189,2055 1292,2057 1395,2058 1498,2060 1601,2060 1704,2060 1807,2060 1910,2058 2013,2055 2116,2052 2220,2048"/>
                <TextEquiv>
                    <Unicode>jegenwoordigh diepencier in ’s Comp:e provisie</Unicode>
                </TextEquiv>
            </TextLine>
            <TextLine id="r1l21" custom="readingOrder {index:20;}">
                <Coords points="189,2232 704,2178 1257,2269 1409,2204 2164,2238 2198,2083 786,2151 191,2034"/>
                <Baseline points="206,2181 304,2181 403,2183 502,2184 600,2186 699,2187 798,2189 896,2190 995,2192 1094,2193 1193,2195 1291,2195 1390,2196 1489,2198 1587,2199 1686,2199 1785,2201 1883,2201 1982,2202 2081,2202 2180,2202"/>
                <TextEquiv>
                    <Unicode>magazijn, ende tot Boeckhouder generael</Unicode>
                </TextEquiv>
            </TextLine>
            <TextLine id="r1l22" custom="readingOrder {index:21;}">
                <Coords points="70,2363 2924,2373 2892,2161 2631,2257 70,2226"/>
                <Baseline points="86,2342 227,2340 368,2340 509,2340 650,2340 791,2339 932,2339 1073,2339 1214,2337 1355,2337 1496,2337 1637,2336 1778,2336 1919,2336 2060,2336 2201,2335 2342,2334 2483,2334 2624,2334 2765,2334 2907,2334"/>
                <TextEquiv>
                    <Unicode>den Coopaan Jaquan de Ducquoij; die bij dien Tius de Booguuij</Unicode>
                </TextEquiv>
            </TextLine>
            <TextLine id="r1l23" custom="readingOrder {index:22;}">
                <Coords points="2342,2444 2522,2430 2723,2467 2847,2445 2848,2399 2733,2333 2573,2364 2539,2335 2514,2353 2419,2340 2344,2363"/>
                <Baseline points="2360,2423 2386,2423 2412,2423 2438,2423 2464,2423 2490,2423 2516,2424 2542,2424 2568,2425 2594,2426 2620,2427 2646,2427 2672,2427 2698,2429 2724,2430 2750,2430 2776,2432 2802,2432 2828,2433"/>
                <TextEquiv>
                    <Unicode>tot boeckhouder.</Unicode>
                </TextEquiv>
            </TextLine>
            <TextLine id="r1l24" custom="readingOrder {index:23;}">
                <Coords points="81,2551 1517,2498 2592,2572 2710,2464 2249,2364 83,2368"/>
                <Baseline points="98,2484 227,2487 357,2490 487,2492 617,2493 746,2493 876,2493 1006,2493 1136,2493 1265,2492 1395,2492 1525,2492 1655,2492 1784,2493 1914,2495 2044,2498 2174,2501 2303,2506 2433,2511 2563,2519 2693,2528"/>
                <TextEquiv>
                    <Unicode>diense verse jaeren dat genoegen is gebruijcke generael</Unicode>
                </TextEquiv>
            </TextLine>
            <TextLine id="r1l25" custom="readingOrder {index:24;}">
                <Coords points="2760,2573 2777,2576 2783,2585 2808,2586 2837,2445 2820,2441 2805,2445 2787,2442"/>
                <Baseline points="2786,2537 2801,2540"/>
                <TextEquiv>
                    <Unicode></Unicode>
                </TextEquiv>
            </TextLine>
            <TextLine id="r1l26" custom="readingOrder {index:25;}">
                <Coords points="158,2713 850,2635 987,2720 1358,2648 2423,2677 2423,2532 1492,2525 1358,2598 159,2540"/>
                <Baseline points="177,2636 288,2637 399,2638 511,2640 622,2640 734,2642 845,2642 957,2643 1068,2643 1180,2643 1291,2643 1402,2644 1514,2645 1625,2645 1737,2645 1848,2645 1960,2645 2071,2646 2183,2646 2294,2646 2406,2648"/>
                <TextEquiv>
                    <Unicode>bende perconen zijnde van vreijkchte bequaentheijt</Unicode>
                </TextEquiv>
            </TextLine>
            <TextLine id="r1l27" custom="readingOrder {index:26;}">
                <Coords points="187,2819 2014,2845 2437,2821 2438,2715 1584,2650 187,2734"/>
                <Baseline points="203,2772 313,2777 424,2780 535,2783 646,2784 756,2786 867,2786 978,2786 1089,2786 1199,2784 1310,2784 1421,2783 1532,2783 1642,2781 1753,2781 1864,2781 1975,2783 2085,2784 2196,2786 2307,2789 2418,2793"/>
                <TextEquiv>
                    <Unicode>enderaen ien met gevusthildewel aer„</Unicode>
                </TextEquiv>
            </TextLine>
            <TextLine id="r1l28" custom="readingOrder {index:27;}">
                <Coords points="199,2987 844,2931 1000,3011 1536,2937 2263,2990 2351,2933 2350,2792 2117,2882 1905,2791 1525,2874 1281,2805 763,2885 198,2817"/>
                <Baseline points="218,2918 323,2922 429,2927 535,2928 641,2930 746,2930 852,2929 958,2928 1064,2927 1169,2924 1275,2922 1381,2920 1487,2918 1592,2916 1698,2916 1804,2915 1910,2916 2015,2916 2121,2919 2227,2922 2333,2928"/>
                <TextEquiv>
                    <Unicode>nemen van de sxvemportante bedieningen</Unicode>
                </TextEquiv>
            </TextLine>
            <TextLine id="r1l29" custom="readingOrder {index:28;}">
                <Coords points="212,3113 678,3164 822,3092 960,3158 1072,3086 1539,3152 1721,3094 1824,3156 2381,3066 2379,2925 1781,3016 1642,2950 1527,3022 211,2993"/>
                <Baseline points="228,3072 334,3074 441,3075 548,3077 655,3077 761,3077 868,3077 975,3075 1082,3074 1188,3072 1295,3071 1402,3069 1509,3068 1615,3065 1722,3063 1829,3062 1936,3060 2042,3059 2149,3059 2256,3059 2363,3059"/>
                <TextEquiv>
                    <Unicode>mags werden toebetrow, ende jes oock met</Unicode>
                </TextEquiv>
            </TextLine>
            <TextLine id="r1l30" custom="readingOrder {index:29;}">
                <Coords points="211,3250 2166,3283 2366,3238 2364,3089 1815,3161 1419,3095 1095,3181 847,3103 697,3180 209,3126"/>
                <Baseline points="228,3227 334,3228 440,3229 546,3230 652,3230 758,3228 864,3227 970,3225 1076,3224 1182,3222 1288,3221 1394,3218 1500,3216 1606,3213 1712,3212 1818,3210 1924,3209 2030,3207 2136,3206 2242,3206 2349,3206"/>
                <TextEquiv>
                    <Unicode>eenen getgevonden jn plaetse van bovengem:</Unicode>
                </TextEquiv>
            </TextLine>
            <TextLine id="r1l31" custom="readingOrder {index:30;}">
                <Coords points="639,3459 2332,3399 2330,3265 2241,3248 2098,3321 1913,3236 1571,3223 1498,3287 1328,3248 1128,3325 838,3258 637,3293"/>
                <Baseline points="657,3380 739,3381 822,3381 905,3380 988,3380 1071,3378 1153,3377 1236,3376 1319,3374 1402,3372 1485,3371 1567,3369 1650,3368 1733,3366 1816,3365 1899,3363 1981,3363 2064,3362 2147,3362 2230,3362 2313,3363"/>
                <TextEquiv>
                    <Unicode>aniel pape tot tweede dspencier</Unicode>
                </TextEquiv>
            </TextLine>
            <TextLine id="r1l32" custom="readingOrder {index:31;}">
                <Coords points="288,3425 311,3433 326,3432 335,3440 347,3435 355,3448 373,3451 391,3346 352,3343 338,3323 330,3329 327,3324 306,3321"/>
                <Baseline points="315,3377 340,3384 366,3386"/>
                <TextEquiv>
                    <Unicode>„</Unicode>
                </TextEquiv>
            </TextLine>
            <TextLine id="r1l33" custom="readingOrder {index:32;}">
                <Coords points="198,3621 314,3553 501,3629 2152,3525 2321,3580 2320,3432 197,3473"/>
                <Baseline points="216,3536 320,3536 424,3536 529,3536 633,3535 738,3534 842,3533 946,3531 1051,3530 1155,3528 1260,3527 1364,3525 1468,3525 1573,3524 1677,3522 1782,3522 1886,3522 1990,3522 2095,3524 2199,3525 2304,3527"/>
                <TextEquiv>
                    <Unicode>jn ’s Comp:s provisie magnazijn te stellen den</Unicode>
                </TextEquiv>
            </TextLine>
            <TextLine id="r1l34" custom="readingOrder {index:33;}">
                <Coords points="218,3723 2945,3709 2944,3613 2438,3516 2058,3625 217,3589"/>
                <Baseline points="234,3687 368,3689 503,3687 637,3687 772,3686 907,3684 1041,3683 1176,3681 1311,3680 1445,3678 1580,3677 1715,3675 1849,3674 1984,3672 2119,3671 2253,3669 2388,3669 2523,3668 2657,3668 2792,3668 2927,3669"/>
                <TextEquiv>
                    <Unicode>onder coopman Pieter Silvius, jnsgelijcks een Pieter silvius tot</Unicode>
                </TextEquiv>
            </TextLine>
            <TextLine id="r1l35" custom="readingOrder {index:34;}">
                <Coords points="2546,3820 2612,3836 2684,3800 2747,3812 2819,3772 2854,3770 2857,3678 2744,3696 2705,3674 2670,3687 2624,3685 2586,3656 2551,3655"/>
                <Baseline points="2565,3743 2592,3746 2619,3747 2646,3749 2673,3750 2701,3751 2728,3752 2755,3752 2782,3752 2809,3752 2837,3753"/>
                <TextEquiv>
                    <Unicode>Apercien</Unicode>
                </TextEquiv>
            </TextLine>
            <TextLine id="r1l36" custom="readingOrder {index:35;}">
                <Coords points="227,3910 735,3843 2241,3867 2240,3754 2063,3695 1799,3754 1488,3696 1366,3789 1093,3692 963,3760 226,3730"/>
                <Baseline points="243,3834 347,3834 451,3834 555,3834 659,3834 763,3833 867,3833 972,3831 1076,3831 1180,3830 1284,3828 1388,3828 1492,3827 1597,3825 1701,3825 1805,3824 1909,3824 2013,3822 2117,3822 2222,3821"/>
                <TextEquiv>
                    <Unicode>persoon zijnde vand goede getuijghnisse ende</Unicode>
                </TextEquiv>
            </TextLine>
            <TextLine id="r1l37" custom="readingOrder {index:36;}">
                <Coords points="196,3999 267,4006 341,4072 464,3994 549,4032 598,4011 754,4021 785,3989 895,4016 894,3882 834,3900 717,3844 591,3909 523,3856 432,3881 382,3853 322,3903 195,3907"/>
                <Baseline points="212,3971 245,3973 278,3976 311,3978 344,3979 377,3980 410,3980 444,3980 477,3978 510,3978 543,3977 576,3975 609,3974 642,3974 676,3972 709,3972 742,3972 775,3972 808,3974 841,3976 875,3980"/>
                <TextEquiv>
                    <Unicode>bequaem heijt</Unicode>
                </TextEquiv>
            </TextLine>
            <TextLine id="r1l38" custom="readingOrder {index:37;}">
                <Coords points="1934,4096 2002,4115 2036,4100 2055,4117 2079,4092 2104,4113 2160,4087 2205,4086 2204,4015 2122,4010 2090,3983 2027,4005 1988,3992 1971,4010 1932,4011"/>
                <Baseline points="1950,4083 1976,4085 2003,4085 2029,4085 2056,4085 2082,4083 2109,4082 2135,4082 2162,4080 2189,4079"/>
                <TextEquiv>
                    <Unicode>alsoo</Unicode>
                </TextEquiv>
            </TextLine>
            <TextLine id="r1l39" custom="readingOrder {index:38;}">
                <Coords points="1563,4547 1591,4543 1605,4558 1616,4558 1623,4550 1626,4554 1630,4550 1647,4550 1647,4438 1630,4438 1598,4427 1584,4413 1563,4413"/>
                <Baseline points="1580,4523 1628,4523"/>
                <TextEquiv>
                    <Unicode>B</Unicode>
                </TextEquiv>
            </TextLine>
            <TextEquiv>
                <Unicode>
255
855
eijdagh 29 Ootobrt Ao 1677.
„



eer het overlijden van den E: Pieper vertangen
pacaute geworden zijnde de bedieningen van
dintateur, ende Boechhonder generael t
d Ehoiel Iarie vwed
koren tot visitateur
beliedingh vande welcke perscheje verhonen
Generael.
haer dienst aengeboden, ende versoeck gedaen
hebben, soo is na deliberatie goetgevonden ende
verstaen, uijt deselxe te perkiesen tot visitateur
n generael den ospercoopman Danmelj parpe
jegenwoordigh diepencier in ’s Comp:e provisie
magazijn, ende tot Boeckhouder generael
den Coopaan Jaquan de Ducquoij; die bij dien Tius de Booguuij
tot boeckhouder.
diense verse jaeren dat genoegen is gebruijcke generael

bende perconen zijnde van vreijkchte bequaentheijt
enderaen ien met gevusthildewel aer„
nemen van de sxvemportante bedieningen
mags werden toebetrow, ende jes oock met
eenen getgevonden jn plaetse van bovengem:
aniel pape tot tweede dspencier
„
jn ’s Comp:s provisie magnazijn te stellen den
onder coopman Pieter Silvius, jnsgelijcks een Pieter silvius tot
Apercien
persoon zijnde vand goede getuijghnisse ende
bequaem heijt
alsoo
B</Unicode>
            </TextEquiv>
        </TextRegion>
    </Page>
</PcGts>
