2932 4753
82 -16 245 188 19
196 106 346 278 16
642 212 2855 530 Sateadagh 28:'n Ianuarij A:o 163.
1192 452 2285 668 Extracr: Vergaderingh
666 539 2793 889 De hoere gouvern:r generuel, hebbende doen beleggen
688 785 2832 979 dese extraordinaire vergaderingh om te verhandelen eenige
681 952 2659 1158 gewisstige saaken nevende het gouvernement van
17 939 627 1179 Sade ganlig
55 1097 2589 1271 saacken rakend: Cijlon Ceijlon, en eenige poincten, op dewelcke met de
675 1219 2849 1496 aenstaende besondingh derwaerts, zal dienen gerescuiseerde
676 1398 2669 1614 en de vereijschte ordre gegeven te worden, soo
663 1552 2771 1835 heeft del Heer Ext:r raad anthonij pavilioen, het
661 1730 2624 1949 selve gouvernement beschrijvende voortgebraght
666 1866 2632 2098 eenige vlotulen, door zijn E. uit de ontfangene
677 2038 2802 2223 brieven, en Papieren, getrocken, op de welcke dan
666 2200 2811 2381 na voorgaende deliberatie is goetgevonden geresol
661 2357 1807 2551 veert, ende vassgestelt,
2161 2529 2484 2712 „ .. „
706 2824 2715 3048 Den swaere Ceijlonse lasten veens de
662 2996 2787 3238 jntentie vande Heeren, onse principalen, soo veel
625 3172 2603 3361 als mogelijck zij te verminderen, ende ten
653 3287 2787 3560 dien eijnde te ordonneren, dat alle wercken van
651 3511 2760 3688 fortificatien, voor soo veel deselve nogh eenigh gelt
651 3603 2800 3868 soaden komen te kosten, absoeut sullen blijven stilstaen,
638 3772 2669 4004 sonder noghtans hier meede te menen, ofte onder
2803 1821 2857 1971 1
