<?xml version="1.0" encoding="UTF-8" standalone="yes"?>
<PcGts xmlns="http://schema.primaresearch.org/PAGE/gts/pagecontent/2013-07-15" xmlns:xsi="http://www.w3.org/2001/XMLSchema-instance" xsi:schemaLocation="http://schema.primaresearch.org/PAGE/gts/pagecontent/2013-07-15 http://schema.primaresearch.org/PAGE/gts/pagecontent/2013-07-15/pagecontent.xsd">
    <Metadata>
        <Creator>prov=University of Rostock/Institute of Mathematics/CITlab|PLANET AI GmbH/Gundram Leifert/gundram.leifert@planet-ai.de:name=IJsberg(htr_id=20209)::::v=2.6.6
prov=University of Rostock/Institute of Mathematics/CITlab|PLANET AI GmbH/Tobias Gruening/tobias.gruening@planet-ai.de:name=de.uros.citlab.module.baseline2polygon.B2PSeamMultiOriented:v=2.6.6
prov=University of Rostock/Institute of Mathematics/CITlab|PLANET AI GmbH/Tobias Gruening/tobias.gruening@planet-ai.de:name=/net_tf/LA73_249_0mod360.pb:de.uros.citlab.segmentation.CITlab_LA_ML:v=2.6.6
Transkribus</Creator>
        <Created>2020-09-07T11:01:03.407+07:00</Created>
        <LastChange>2020-09-07T10:01:20.555+02:00</LastChange>
        <TranskribusMetadata docId="471693" pageId="19516944" pageNr="32" tsid="39403602" status="IN_PROGRESS" userId="15017" imgUrl="https://files.transkribus.eu/Get?id=AQRMBTWTFXTOFMBPWEJSXHRI&amp;fileType=view" xmlUrl="https://files.transkribus.eu/Get?id=ADPMVBECGEXCTJYEPKADWZAV" imageId="15083905"/>
    </Metadata>
    <Page imageFilename="ID-ANRI_K66a_889_32.jpg" imageWidth="2959" imageHeight="4752">
        <ReadingOrder>
            <OrderedGroup id="ro_1620455873633" caption="Regions reading order">
                <RegionRefIndexed index="0" regionRef="r1"/>
            </OrderedGroup>
        </ReadingOrder>
        <TextRegion orientation="0.0" id="r1" custom="readingOrder {index:0;}">
            <Coords points="29,105 29,4019 2909,4019 2909,105"/>
            <TextLine id="r1l1" custom="readingOrder {index:0;}">
                <Coords points="82,260 107,264 167,208 195,193 207,198 215,189 235,191 230,89 216,90 208,99 165,78 137,88 102,61 73,56"/>
                <Baseline points="93,174 118,172 143,170 168,170 193,169 219,168"/>
                <TextEquiv>
                    <Unicode>30</Unicode>
                </TextEquiv>
            </TextLine>
            <TextLine id="r1l2" custom="readingOrder {index:1;}">
                <Coords points="2468,224 2535,212 2601,172 2677,160 2782,220 2806,193 2848,183 2841,28 2795,21 2773,39 2739,38 2672,104 2598,96 2528,125 2463,119"/>
                <Baseline points="2481,212 2506,204 2531,200 2556,200 2581,201 2606,203 2631,206 2656,208 2681,210 2706,210 2731,209 2756,204 2781,195 2806,181 2832,164"/>
                <TextEquiv>
                    <Unicode></Unicode>
                </TextEquiv>
            </TextLine>
            <TextLine id="r1l3" custom="readingOrder {index:2;}">
                <Coords points="116,353 155,350 247,387 303,379 290,236 260,247 233,229 188,239 176,232 155,253 135,249 108,260"/>
                <Baseline points="128,323 154,322 180,319 206,315 232,312 258,311 284,314"/>
                <TextEquiv>
                    <Unicode>38</Unicode>
                </TextEquiv>
            </TextLine>
            <TextLine id="r1l4" custom="readingOrder {index:3;}">
                <Coords points="622,458 1348,518 1521,447 1838,532 2395,442 2694,527 2892,451 2892,341 2672,230 2505,307 1948,230 1705,326 1538,235 1394,334 1258,281 622,393"/>
                <Baseline points="635,428 747,431 859,434 971,435 1083,437 1196,437 1308,438 1420,438 1532,437 1644,437 1757,437 1869,435 1981,435 2093,434 2205,434 2318,434 2430,434 2542,434 2654,435 2766,437 2879,438"/>
                <TextEquiv>
                    <Unicode>Jjnsdagh 9: Februarij A:o 1677.</Unicode>
                </TextEquiv>
            </TextLine>
            <TextLine id="r1l5" custom="readingOrder {index:4;}">
                <Coords points="876,622 970,609 1074,630 1142,611 1162,628 1190,605 1232,612 1284,589 1343,604 1344,500 1253,513 1197,484 1168,509 1123,500 1086,525 1064,508 982,524 956,547 877,546"/>
                <Baseline points="891,593 916,593 942,591 968,591 993,591 1019,591 1045,591 1070,593 1096,593 1122,594 1148,594 1173,594 1199,596 1225,596 1250,596 1276,594 1302,594 1328,593"/>
                <TextEquiv>
                    <Unicode>468 „„</Unicode>
                </TextEquiv>
            </TextLine>
            <TextLine id="r1l6" custom="readingOrder {index:5;}">
                <Coords points="1556,582 1570,584 1582,595 1591,593 1604,603 1624,606 1642,480 1619,477 1602,460 1586,472 1572,470"/>
                <Baseline points="1568,591 1610,597"/>
                <TextEquiv>
                    <Unicode>8</Unicode>
                </TextEquiv>
            </TextLine>
            <TextLine id="r1l7" custom="readingOrder {index:6;}">
                <Coords points="779,863 913,799 1520,852 1702,799 1862,866 1976,801 2156,868 2360,802 2628,894 2764,841 2765,745 2641,705 2528,772 2282,688 1682,754 1429,642 1168,758 1044,661 781,654"/>
                <Baseline points="795,777 892,783 990,788 1088,791 1186,794 1284,796 1381,798 1479,798 1577,800 1675,800 1773,800 1870,799 1968,798 2066,798 2164,798 2262,798 2359,798 2457,800 2555,801 2653,803 2751,804"/>
                <TextEquiv>
                    <Unicode>dewijl tot nogh toe, om eenige consideratien aen</Unicode>
                </TextEquiv>
            </TextLine>
            <TextLine id="r1l8" custom="readingOrder {index:7;}">
                <Coords points="673,926 1606,942 1787,1037 2084,934 2791,1003 2791,881 2472,831 2226,901 1664,818 1567,891 1151,906 1019,800 674,875"/>
                <Baseline points="687,914 791,921 896,926 1000,930 1105,933 1209,935 1314,936 1418,938 1523,938 1627,938 1732,938 1837,938 1941,936 2046,936 2150,935 2255,935 2359,935 2464,935 2568,936 2673,938 2778,941"/>
                <TextEquiv>
                    <Unicode>verscheijde Comp:s dienaeren, die op hunne reeckeningh</Unicode>
                </TextEquiv>
            </TextLine>
            <TextLine id="r1l9" custom="readingOrder {index:8;}">
                <Coords points="634,1061 880,1145 976,1070 1403,1077 1552,1163 1765,1083 2486,1150 2922,1086 2923,970 2833,952 1802,1044 1639,949 1341,1039 1094,927 636,939"/>
                <Baseline points="648,1056 761,1058 874,1061 987,1064 1100,1065 1213,1067 1326,1070 1439,1070 1552,1071 1665,1073 1778,1074 1891,1074 2004,1076 2117,1076 2230,1077 2343,1077 2456,1077 2569,1079 2682,1079 2795,1079 2909,1080"/>
                <TextEquiv>
                    <Unicode>van verdiende maentgelden, de ordinaire eenstrecking —</Unicode>
                </TextEquiv>
            </TextLine>
            <TextLine id="r1l10" custom="readingOrder {index:9;}">
                <Coords points="36,1111 135,1103 186,1129 475,1111 522,1140 695,1118 695,1047 585,1061 515,1001 390,1003 328,1054 283,1059 139,985 37,993"/>
                <Baseline points="51,1097 82,1098 114,1100 145,1101 177,1103 208,1103 240,1104 271,1104 303,1104 334,1104 366,1104 397,1104 429,1104 460,1104 492,1104 523,1104 555,1103 586,1103 618,1103 649,1103 681,1103"/>
                <TextEquiv>
                    <Unicode>alle verstreckingen op heek:</Unicode>
                </TextEquiv>
            </TextLine>
            <TextLine id="r1l11" custom="readingOrder {index:10;}">
                <Coords points="32,1185 168,1199 242,1182 270,1210 377,1193 417,1221 474,1221 541,1187 663,1175 663,1139 629,1125 519,1139 476,1111 437,1125 403,1108 358,1139 298,1117 32,1131"/>
                <Baseline points="47,1173 77,1173 107,1173 137,1175 167,1175 197,1175 227,1175 257,1176 287,1176 317,1176 347,1176 377,1176 407,1176 437,1176 467,1176 497,1176 527,1175 557,1174 587,1173 617,1172 648,1170"/>
                <TextEquiv>
                    <Unicode>voortaen met halff goet en</Unicode>
                </TextEquiv>
            </TextLine>
            <TextLine id="r1l12" custom="readingOrder {index:11;}">
                <Coords points="693,1218 2669,1246 2670,1130 2282,1158 2147,1101 1898,1161 1748,1095 1539,1162 694,1093"/>
                <Baseline points="708,1185 805,1188 902,1190 1000,1193 1097,1194 1194,1196 1292,1197 1389,1199 1486,1200 1584,1202 1681,1202 1778,1203 1876,1203 1973,1203 2070,1203 2168,1203 2265,1203 2362,1202 2460,1202 2557,1200 2655,1197"/>
                <TextEquiv>
                    <Unicode>ofte oock wel de volle afbetalingh, genoten hebben</Unicode>
                </TextEquiv>
            </TextLine>
            <TextLine id="r1l13" custom="readingOrder {index:12;}">
                <Coords points="32,1275 179,1292 303,1267 490,1317 532,1278 744,1269 744,1190 702,1207 654,1176 546,1184 476,1221 379,1193 207,1210 32,1188"/>
                <Baseline points="47,1245 81,1247 115,1248 149,1250 183,1250 217,1250 251,1251 285,1251 319,1251 353,1250 388,1250 422,1250 456,1250 490,1250 524,1248 558,1248 592,1248 626,1248 660,1248 694,1249 729,1250"/>
                <TextEquiv>
                    <Unicode>halff gelt te laten geschieden</Unicode>
                </TextEquiv>
            </TextLine>
            <TextLine id="r1l14" custom="readingOrder {index:13;}">
                <Coords points="681,1424 859,1341 1346,1397 2802,1344 2638,1239 2338,1294 2052,1212 1866,1272 1374,1227 1071,1287 867,1217 681,1274"/>
                <Baseline points="695,1329 799,1333 904,1337 1008,1339 1113,1341 1218,1343 1322,1343 1427,1343 1531,1343 1636,1343 1741,1342 1845,1341 1950,1340 2054,1338 2159,1338 2264,1337 2368,1335 2473,1335 2577,1334 2682,1334 2787,1334"/>
                <TextEquiv>
                    <Unicode>jn plaets van half gelt en heeft goedt, int geheele</Unicode>
                </TextEquiv>
            </TextLine>
            <TextLine id="r1l15" custom="readingOrder {index:14;}">
                <Coords points="684,1499 1702,1555 2576,1484 2870,1549 2870,1408 2542,1357 2146,1445 1569,1354 684,1422"/>
                <Baseline points="699,1476 806,1479 914,1482 1022,1485 1130,1487 1238,1488 1346,1489 1453,1490 1561,1490 1669,1490 1777,1490 1885,1490 1993,1488 2101,1488 2208,1487 2316,1485 2424,1485 2532,1484 2640,1482 2748,1482 2856,1481"/>
                <TextEquiv>
                    <Unicode>Contant gelt zij gegeengende dat sulx tegenwoordig</Unicode>
                </TextEquiv>
            </TextLine>
            <TextLine id="r1l16" custom="readingOrder {index:15;}">
                <Coords points="674,1621 978,1709 1259,1641 1931,1696 2192,1628 2672,1712 2643,1522 1692,1589 1291,1511 675,1548"/>
                <Baseline points="687,1616 785,1617 884,1619 982,1619 1081,1622 1179,1623 1278,1625 1376,1627 1475,1629 1573,1631 1672,1633 1771,1635 1869,1635 1968,1637 2066,1637 2165,1637 2263,1637 2362,1635 2460,1633 2559,1631 2658,1626"/>
                <TextEquiv>
                    <Unicode>met de gelegentheijt, van ’s Comp:s Cassa (als</Unicode>
                </TextEquiv>
            </TextLine>
            <TextLine id="r1l17" custom="readingOrder {index:16;}">
                <Coords points="662,1825 1358,1764 1502,1864 1921,1773 2313,1860 2579,1785 2698,1840 2716,1707 663,1683"/>
                <Baseline points="677,1761 778,1764 879,1767 980,1770 1082,1772 1183,1773 1284,1775 1385,1776 1487,1776 1588,1778 1689,1778 1790,1778 1892,1778 1993,1778 2094,1778 2195,1776 2297,1776 2398,1776 2499,1778 2600,1778 2702,1778"/>
                <TextEquiv>
                    <Unicode>zijnde heer sober versien) niet over een en komt</Unicode>
                </TextEquiv>
            </TextLine>
            <TextLine id="r1l18" custom="readingOrder {index:17;}">
                <Coords points="666,1897 1107,1897 1379,2002 1443,1947 2642,1948 2644,1860 1501,1863 1359,1764 1190,1854 810,1770 667,1826"/>
                <Baseline points="680,1892 777,1895 874,1899 972,1901 1069,1904 1167,1907 1264,1910 1361,1911 1459,1914 1556,1916 1654,1918 1751,1920 1848,1922 1946,1923 2043,1925 2141,1926 2238,1928 2335,1929 2433,1929 2530,1931 2628,1932"/>
                <TextEquiv>
                    <Unicode>so is na voorgaende deliberatie goetgevonden</Unicode>
                </TextEquiv>
            </TextLine>
            <TextLine id="r1l19" custom="readingOrder {index:18;}">
                <Coords points="666,2039 1695,2057 1866,2138 2170,2044 2684,2072 2685,1987 1373,1998 1111,1896 867,1996 666,1977"/>
                <Baseline points="681,2028 780,2033 879,2036 979,2039 1078,2040 1178,2043 1277,2043 1377,2045 1476,2046 1576,2046 1675,2046 1774,2048 1874,2048 1973,2048 2073,2048 2172,2048 2272,2049 2371,2050 2471,2051 2570,2052 2670,2054"/>
                <TextEquiv>
                    <Unicode>van nu aff aen, en tot dat anders sullen komen</Unicode>
                </TextEquiv>
            </TextLine>
            <TextLine id="r1l20" custom="readingOrder {index:19;}">
                <Coords points="682,2205 2738,2217 2716,2070 2413,2138 1978,2073 1831,2143 1741,2071 684,2041"/>
                <Baseline points="696,2166 797,2171 898,2174 1000,2178 1101,2180 1202,2181 1304,2183 1405,2184 1506,2184 1608,2184 1709,2184 1810,2184 1912,2184 2013,2184 2114,2184 2216,2184 2317,2186 2418,2186 2520,2187 2621,2189 2723,2190"/>
                <TextEquiv>
                    <Unicode>te resolpkien, jut doen vandeselve verspreckingh</Unicode>
                </TextEquiv>
            </TextLine>
            <TextLine id="r1l21" custom="readingOrder {index:20;}">
                <Coords points="677,2345 1010,2398 1096,2319 1655,2322 1779,2410 2029,2324 2656,2356 2741,2325 2742,2221 1887,2281 1653,2206 1003,2234 887,2162 678,2212"/>
                <Baseline points="690,2301 791,2306 893,2309 995,2312 1097,2315 1199,2316 1300,2318 1402,2318 1504,2318 1606,2319 1708,2319 1809,2318 1911,2318 2013,2318 2115,2318 2217,2318 2318,2318 2420,2318 2522,2319 2624,2320 2726,2322"/>
                <TextEquiv>
                    <Unicode>ofte afbetalingh, een eenparigen voet te houden</Unicode>
                </TextEquiv>
            </TextLine>
            <TextLine id="r1l22" custom="readingOrder {index:21;}">
                <Coords points="594,2470 2783,2492 2784,2387 2677,2343 2150,2417 1905,2340 1576,2421 595,2365"/>
                <Baseline points="609,2435 717,2442 825,2447 933,2451 1041,2454 1149,2457 1257,2459 1365,2460 1473,2460 1581,2460 1689,2460 1797,2460 1905,2460 2013,2460 2121,2460 2229,2462 2337,2463 2445,2465 2553,2468 2661,2471 2769,2477"/>
                <TextEquiv>
                    <Unicode>ende deselve sonder onderscheijt van personen</Unicode>
                </TextEquiv>
            </TextLine>
            <TextLine id="r1l23" custom="readingOrder {index:22;}">
                <Coords points="684,2638 2740,2659 2741,2554 2119,2552 1984,2466 1649,2534 1305,2480 1092,2563 686,2494"/>
                <Baseline points="698,2592 799,2596 900,2600 1002,2603 1103,2604 1205,2606 1306,2607 1407,2607 1509,2607 1610,2607 1712,2607 1813,2607 1914,2607 2016,2609 2117,2609 2219,2609 2320,2610 2421,2612 2523,2614 2624,2618 2726,2621"/>
                <TextEquiv>
                    <Unicode>te laten geschieden, de helft met Contant gelt</Unicode>
                </TextEquiv>
            </TextLine>
            <TextLine id="r1l24" custom="readingOrder {index:23;}">
                <Coords points="681,2772 2756,2805 2757,2726 1900,2713 1731,2623 1052,2702 682,2639"/>
                <Baseline points="696,2741 798,2744 900,2747 1002,2748 1105,2750 1207,2751 1309,2751 1412,2753 1514,2753 1616,2753 1719,2754 1821,2754 1923,2754 2025,2756 2128,2756 2230,2757 2332,2759 2435,2760 2537,2762 2639,2765 2742,2768"/>
                <TextEquiv>
                    <Unicode>ende de rest met Lijwaten, ofte andere waeren,</Unicode>
                </TextEquiv>
            </TextLine>
            <TextLine id="r1l25" custom="readingOrder {index:24;}">
                <Coords points="680,2931 2114,2899 2552,2969 2790,2921 2791,2833 681,2838"/>
                <Baseline points="695,2883 799,2886 903,2889 1007,2892 1111,2894 1215,2895 1319,2897 1423,2898 1527,2898 1631,2900 1735,2900 1839,2900 1943,2901 2047,2901 2151,2903 2255,2903 2359,2904 2463,2906 2567,2909 2671,2911 2775,2913"/>
                <TextEquiv>
                    <Unicode>gelijck de ordre vande Comp:e mede brenght, en</Unicode>
                </TextEquiv>
            </TextLine>
            <TextLine id="r1l26" custom="readingOrder {index:25;}">
                <Coords points="679,3017 1049,3020 1257,3122 1462,3032 2697,3077 2767,2971 2271,3008 1402,2918 680,2966"/>
                <Baseline points="692,3015 800,3020 908,3023 1017,3026 1125,3029 1233,3030 1342,3032 1450,3035 1558,3036 1667,3038 1775,3039 1884,3040 1992,3042 2100,3042 2209,3044 2317,3045 2425,3047 2534,3049 2642,3051 2751,3053"/>
                <TextEquiv>
                    <Unicode>van outs al jn gebreuijck zij geweest, uijt gesondert</Unicode>
                </TextEquiv>
            </TextLine>
            <TextLine id="r1l27" custom="readingOrder {index:26;}">
                <Coords points="28,3102 226,3118 297,3092 484,3099 525,3138 592,3092 690,3113 695,2966 570,2992 392,2974 285,3030 165,2929 34,2947"/>
                <Baseline points="44,3080 75,3080 107,3081 138,3082 170,3083 201,3084 233,3086 264,3087 296,3088 327,3090 359,3091 391,3093 422,3094 454,3095 485,3096 517,3097 548,3098 580,3099 611,3099 643,3101 675,3101"/>
                <TextEquiv>
                    <Unicode>Eijngeondert aende gone</Unicode>
                </TextEquiv>
            </TextLine>
            <TextLine id="r1l28" custom="readingOrder {index:27;}">
                <Coords points="18,3152 200,3193 322,3174 375,3199 430,3175 672,3203 675,3121 618,3128 585,3096 533,3136 483,3098 336,3115 274,3093 20,3087"/>
                <Baseline points="32,3144 63,3146 94,3148 126,3150 157,3151 189,3152 220,3155 251,3156 283,3158 314,3159 346,3161 377,3161 408,3162 440,3163 471,3164 503,3165 534,3165 565,3165 597,3165 628,3165 660,3165"/>
                <TextEquiv>
                    <Unicode>die maer 5 rx:ssmaents</Unicode>
                </TextEquiv>
            </TextLine>
            <TextLine id="r1l29" custom="readingOrder {index:28;}">
                <Coords points="679,3176 2782,3213 2783,3125 2496,3062 1953,3060 1771,3145 1335,3142 1113,3032 838,3127 680,3094"/>
                <Baseline points="693,3159 796,3164 900,3168 1004,3171 1108,3174 1212,3176 1315,3177 1419,3179 1523,3180 1627,3182 1731,3182 1834,3183 1938,3183 2042,3185 2146,3185 2250,3186 2353,3188 2457,3188 2561,3191 2665,3192 2769,3195"/>
                <TextEquiv>
                    <Unicode>de getroude die niet meer, als vijff rijcxdaelders</Unicode>
                </TextEquiv>
            </TextLine>
            <TextLine id="r1l30" custom="readingOrder {index:29;}">
                <Coords points="15,3219 70,3239 94,3229 121,3248 130,3242 191,3263 239,3257 278,3271 304,3267 309,3185 269,3186 255,3176 232,3192 224,3183 209,3191 185,3178 155,3193 109,3159 17,3182"/>
                <Baseline points="29,3213 55,3216 81,3217 107,3219 133,3221 160,3222 186,3224 212,3225 238,3226 264,3228 291,3230"/>
                <TextEquiv>
                    <Unicode>Winnen</Unicode>
                </TextEquiv>
            </TextLine>
            <TextLine id="r1l31" custom="readingOrder {index:30;}">
                <Coords points="663,3329 1710,3312 2706,3413 2710,3227 1897,3294 1617,3273 1520,3192 1190,3256 966,3183 814,3267 665,3222"/>
                <Baseline points="677,3308 777,3309 878,3311 979,3313 1080,3315 1181,3317 1281,3320 1382,3321 1483,3324 1584,3326 1685,3329 1785,3331 1886,3333 1987,3336 2088,3338 2189,3341 2289,3342 2390,3344 2491,3346 2592,3348 2693,3348"/>
                <TextEquiv>
                    <Unicode>t maents zijn winnende de welcke als voordesen</Unicode>
                </TextEquiv>
            </TextLine>
            <TextLine id="r1l32" custom="readingOrder {index:31;}">
                <Coords points="648,3554 889,3472 1361,3563 1492,3471 2623,3500 2693,3492 2694,3405 2250,3444 2157,3378 2058,3436 1957,3344 1628,3428 1321,3319 1213,3389 1038,3321 650,3368"/>
                <Baseline points="663,3455 763,3458 864,3460 965,3462 1066,3464 1167,3465 1267,3467 1368,3468 1469,3470 1570,3470 1671,3471 1771,3471 1872,3473 1973,3473 2074,3474 2175,3476 2275,3477 2376,3479 2477,3481 2578,3483 2679,3486"/>
                <TextEquiv>
                    <Unicode>jnt geseel, met Contant, sullen werden betaelt</Unicode>
                </TextEquiv>
            </TextLine>
            <TextLine id="r1l33" custom="readingOrder {index:32;}">
                <Coords points="653,3652 1403,3618 1566,3713 1765,3620 2352,3705 2638,3661 2640,3525 2157,3516 2051,3585 1521,3506 655,3559"/>
                <Baseline points="668,3606 765,3606 863,3606 961,3606 1059,3608 1157,3608 1254,3609 1352,3611 1450,3612 1548,3614 1646,3615 1743,3618 1841,3620 1939,3621 2037,3623 2135,3624 2232,3626 2330,3627 2428,3629 2526,3630 2624,3630"/>
                <TextEquiv>
                    <Unicode>gelijck oock de onkosten van begraeffnissen, en</Unicode>
                </TextEquiv>
            </TextLine>
            <TextLine id="r1l34" custom="readingOrder {index:33;}">
                <Coords points="656,3776 2624,3811 2626,3692 2561,3680 2040,3730 1863,3633 1565,3716 658,3657"/>
                <Baseline points="671,3734 773,3737 875,3741 977,3744 1079,3748 1181,3750 1283,3752 1385,3754 1487,3756 1589,3757 1691,3758 1793,3759 1895,3761 1997,3762 2099,3764 2201,3765 2303,3767 2405,3769 2507,3771 2610,3774"/>
                <TextEquiv>
                    <Unicode>eenige andere kleenigheden, die niet wel</Unicode>
                </TextEquiv>
            </TextLine>
            <TextLine id="r1l35" custom="readingOrder {index:34;}">
                <Coords points="2367,4066 2416,4054 2454,4082 2480,4071 2604,4088 2612,3910 2566,3928 2546,3919 2509,3926 2501,3917 2455,3943 2422,3913 2374,3902"/>
                <Baseline points="2384,3981 2410,3983 2436,3985 2462,3986 2489,3989 2515,3989 2541,3990 2567,3990 2594,3990"/>
                <TextEquiv>
                    <Unicode>mij</Unicode>
                </TextEquiv>
            </TextLine>
            <TextEquiv>
                <Unicode>30

38
Jjnsdagh 9: Februarij A:o 1677.
468 „„
8
dewijl tot nogh toe, om eenige consideratien aen
verscheijde Comp:s dienaeren, die op hunne reeckeningh
van verdiende maentgelden, de ordinaire eenstrecking —
alle verstreckingen op heek:
voortaen met halff goet en
ofte oock wel de volle afbetalingh, genoten hebben
halff gelt te laten geschieden
jn plaets van half gelt en heeft goedt, int geheele
Contant gelt zij gegeengende dat sulx tegenwoordig
met de gelegentheijt, van ’s Comp:s Cassa (als
zijnde heer sober versien) niet over een en komt
so is na voorgaende deliberatie goetgevonden
van nu aff aen, en tot dat anders sullen komen
te resolpkien, jut doen vandeselve verspreckingh
ofte afbetalingh, een eenparigen voet te houden
ende deselve sonder onderscheijt van personen
te laten geschieden, de helft met Contant gelt
ende de rest met Lijwaten, ofte andere waeren,
gelijck de ordre vande Comp:e mede brenght, en
van outs al jn gebreuijck zij geweest, uijt gesondert
Eijngeondert aende gone
die maer 5 rx:ssmaents
de getroude die niet meer, als vijff rijcxdaelders
Winnen
t maents zijn winnende de welcke als voordesen
jnt geseel, met Contant, sullen werden betaelt
gelijck oock de onkosten van begraeffnissen, en
eenige andere kleenigheden, die niet wel
mij</Unicode>
            </TextEquiv>
        </TextRegion>
    </Page>
</PcGts>
