2951 4734
123 27 302 176 198
390 59 545 260 198
691 291 2827 545 nieuwe fortificatien te laten doen dogh dat egster.
64 335 647 522 Eghter aldaer eenige
64 481 678 654 nodige rijs magua zijnen
679 530 2821 683 de nodige huijsen ofte magnazijnen tot bergingh van
64 558 498 680 te maecken.
670 643 2846 880 een goede quantiteijt rijs heght, ende werck sullen
664 814 1818 995 mogen werden opgemaeckt,
659 1025 2902 1318 De voorstellingh van te conquesteren, en jn versekeningh
56 1172 2823 1381 op het Eijlant Rammena, te houden het Ejlandt Rammenacoil, omden
57 1328 729 1456 coil niet te attintderen
676 1337 2776 1593 eijgenaer daer van de H:r Teuver, te constringeren
673 1515 2862 1720 tot voldoeningh van eenige penningen door d’E Comp:e
683 1693 2893 1887 aen hem geleent, wert geoordeelt ondienstigh te zijn
670 1812 2821 2036 ende is verstaen ons tehouden aende vorige Resolutien
662 2006 2864 2188 en gegeven ordre van dato 30:' Ianuarij en 18: meij
680 2160 2831 2379 jongstleden, gelijck mede goetgevonden is, dat wij onse
51 2278 642 2456 onse actie op de dorpen
680 2258 2821 2509 actie off pretensie, op de dorpen van Crnnelepatnam
56 2414 570 2531 van Trinilepatnam
57 2464 639 2645 eenlijck levendigh de
667 2425 2794 2661 ende Carcal benoorden, de boven gemelte stadt
41 2567 307 2711 houden.
638 2614 2841 2844 Nagapatnam, maer eenlijck levendigh sullen moeden
643 2760 2789 2983 houden sonder daer over met den opersten voozi„
295 2841 426 3052 5
663 2895 2745 3104 Ragia, jn verwijderingh te komen, werdende het
14 2939 636 3188 het Coptraetmet Gonia
661 3032 2820 3262 Contract van gevreedigingh jonget met den selven
9 3125 669 3263 Ragia gemaeckt wert
17 3225 446 3358 geapprobeert.
652 3205 2862 3408 gesloten, bij desen geapprobeert, ende de geschencken,
645 3319 2733 3559 ten dien eijnde gedaen, voor wel besteet aengesien,
691 3486 2785 3768 De verkregen munt tot Tutucorijn, op denselven voet
7 3586 568 3749 de Nagapatnamse en
-1 3695 631 3832 Jutucorijnse Lagoden
654 3671 2782 3908 als die tot Nagapatnam, wert mede voor goet en
9 3783 647 3926 elck een bijsonder teken
-4 3861 273 4027 te geven
638 3820 2807 4052 dienstigh geaght. dogh wanneer aldaer pagoden sullen
641 3988 2626 4203 werden gemaeckt, na de swaerte, alloij, en stempel
2611 4084 2760 4193 oms
642 4156 2752 4334 vande palleacatse gelijck tot gem:e Nagapatn:
2394 4299 2777 4476 geschiet
2412 4431 2739 4646 .
2805 310 2965 432 1
