2973 4725
2654 60 2835 184 199
2670 211 2904 375 177.
109 41 2466 524 Dijds Aagh: 10: Mugusto A:o 1673.
109 433 1149 676 14 Cps.
288 632 2311 970 zjn dooor de H:r Diectig gener all estalff
178 866 2326 1098 van opens jn vergaderingh gebraght eenige onkost
2388 866 2947 1092 ondre op de verstreck
2387 1021 2940 1208 aende schepen jn
168 1000 2791 1207 reeckeningen van gehepen, die door den E Disitateur Iiein. —
175 1163 2321 1372 generael, nagesien, en bevonden waeren de maat
177 1291 2261 1517 van redelijckbeijt, derre tebuijten tegaen, niet
172 1465 2403 1627 buijten bedenckingh, en suspitie dat sodanige sware
165 1579 2266 1839 verstreckigen, nosten geschieden, sonder kennisse
169 1755 2216 1951 en voorweten, vande respective gouverneurs,
42 1883 2419 2117 directeurs Coommandeurs, en opper spofden, der plaetsen
160 2035 2325 2268 daer deselve schepen genkomen, waer bij gevoegst
101 2161 2390 2415 eijnde de klaghten, van eenige schippers, namentb:
68 2301 2311 2509 datse moeten teeckenen, voor goederen, diese noijt
123 2444 2375 2685 gehadt noghte genoten hebben, onder bedruijting
51 2592 2299 2827 dat bij weygeringh, van haere schepen souden
171 2724 2329 2984 worden gelight, soo is verstaen sodanige excessen,
175 2879 2312 3129 aghtelbob heden, ende ontrouwe handelingen met
164 3015 2374 3276 ernst tegen tegaen, ende gevolghlijck goeggevonden
163 3175 2371 3426 alomme te ordonneren, dat deselve eerstreckingen
173 3302 2298 3557 soo spaersaem, ende mesnagiens sullen moeten
195 3464 2324 3698 geschieden als, eenigsins doenlijck zij, ende dat den
167 3600 2328 3827 gouverneur directeur Commandeur, ofte opperhooft,
168 3724 2293 3913 t'elckens,e daer van zal hebben te verlenen, een
171 3862 2323 4075 Expresse schriftelijcke ordonnantie, om met de reeck:s
2052 4063 2296 4241 van
1454 4312 1673 4470 ƒ5
