2911 4710
2706 -126 2843 105 5
99 46 246 255 36
147 186 319 383 36
563 102 2856 529 tet verdeen van de voindie beguren Heondeli
629 454 784 599 1s2
531 545 2773 865 uijt de missive van de P:r g’ouverneur anthonij hudt
630 747 2760 924 ende den Raadt der provintie amboina, van
544 913 2832 1181 dato 2en Iulij jgstleden gesien, ende met opmercking
650 1066 2790 1340 gelesen zijnde; ’t geen haer E: schrijpen wegens
634 1222 2646 1473 het bluijcken, en, vervoeren van klagelen, door
10 1301 595 1520 om het nagel sluijcken
-3 1408 2641 1589 te weren geen parsen en de aenkomende vorgens ende dat de kleene
13 1566 712 1684 geven dan aen vaertuijgen
8 1635 2716 1803 boven de 30 lasten groot Chaloupens van 6 a 8 lasten groot, niet alleen
640 1720 2613 1947 om haer bequaemheijt daer toe te verdaghter
632 1894 2716 2054 moeten gehouden werden, maer oock om datse
631 2038 2765 2290 buijten dien op verre na haere onkosten niet
636 2232 2863 2441 konnen goetmaecken, ofte overwinnen, als konnende
639 2350 2802 2602 niet meer laaden als ba. lasten Rijs, invoegen
647 2550 2760 2782 dat'er het jongste weste mousson, niet meer als
516 2551 665 2727 5
641 2753 2692 2933 190½ lasten; door den borgers, jndie provintie
642 2867 2786 3097 zijn aengebraagt, waer bij nogh komende dat de
634 3014 2744 3193 Engelse tot Bantam, volgens het schrijven
629 3175 2782 3336 van onse Resident aldaer een goede quantiteijt
638 3296 2808 3565 Oosterse specerijen, hebben weten te bekomen ende
566 3466 2642 3751 .met haer schepen na Engelandt te zenden
358 3591 447 3853 „
631 3678 2781 3851 soo is na voorgaende deliberatie, goet gevonden en
641 3825 2730 4066 verstaen, dat van nu voortaen geen passen na
2345 4037 2759 4191 amboina
