2915 4706
10 203 84 292 „
2575 24 2763 152 225
2645 177 2826 313 225
359 109 519 474 4
420 35 2525 475 Vagh: 24: September A:o 167.
172 636 2357 872 so jn vergaderings verscheen peramella Danditoet
90 838 2298 1055 van Batavia, bij geschrifte te kennen gevende, hge„
2285 826 2904 1034 Pepronelle boninges
2289 982 2923 1117 afstant der boedele
122 959 2253 1134 haer overleden man, den Borger Jan Dromont
2298 1079 2633 1215 vergunt.
145 1098 2287 1306 niet dien zij niet meer dan elff dagen getrouwt
162 1231 2192 1448 was gerweest door het owallen van een prauw
143 1362 2243 1521 was komen te verongelucken, en zij bemenckende
148 1525 2214 1716 de geringheijt, vanden Boedel„ mitsgaders dat door
150 1637 2088 1817 denselven haer man voor’t aen gaen pant
145 1744 2186 1997 bmpelijck, al verscheijde schulden waaren ge„
146 1942 2223 2127 maeckt genootsaeckt was geworden, de sleutel
146 2017 2288 2244 op de kist te leggen, ende ledigh uijt het sterffhuijs
129 2182 2124 2397 te gaen, versoeckende als nu dat haer moghte
136 2304 2294 2539 werden toegestaen den gemelten jnsolventen boedel
155 2421 2209 2606 te repudieren, op dat de Crediteuren daer aen
146 2572 2378 2813 ende niet op haer oup„e hun guarand mogsten soeken
153 2721 2303 2867 waer op gedelibereert eijnde, soo is goetgevonden aen
99 2839 2303 3004 gemelte petronella omimgot. de versoghte afstandt des
30 2958 2313 3131 boedels toe testaen, met Committituue aen den Achwaren
89 3083 1433 3260 raad van Justitie deses Casteele
63 3148 2196 3432 Batavia in't Casteel datum ut Supra
1471 3425 2586 3686 Joan Raetsuyker
223 3652 863 3841 Favihcoen
1729 3614 2557 3878 Van goens
2023 3828 2266 3998 Cn1
2415 3853 2474 4021 J
1955 3937 2555 4078 alndent Lit
1846 4016 2766 4259 p. Coortwater
296 4075 769 4190 Breede
1877 4148 2685 4407 Constanten Panst
27 4267 1032 4585 ooane uijen
317 4446 553 4642 Nt
