2994 4771
270 302 2376 551 gevaeren soo per gualijck een laetse alwaer zij nieten
263 473 2246 599 komen jndringe die zij meet aer beladgen: en man
2233 529 2348 646 „
260 609 2374 765 schappen vervullen het wel in het begindel verst van verre
221 674 2324 869 ende nu sood geoe bij iscn. dat se op de naestgelegene
279 791 2300 962 plaetseij op Erntan e de bost soorelen beench aen
262 895 2359 1033 komen, ende met daer beden, enden Copmanschappen
243 1011 2365 1154 soo verhopen dat dieselve klaen bij naer voor alsulcke n
253 1063 2405 1240 vrijs werden gepento den soo goeden oop gegepen, als die jncoops.
222 1190 2429 1342 (ter plaetsen van waer zij die van dan brengen:) golden genoegs
261 1282 2375 1447 voor deest doenden aan het houden kipper, spiaulter, peeper, ende
244 1387 2443 1521 alle iergeljckewaeren, dat zij jn retour waer over voeren
255 1488 2345 1632 welcke alderschenlijchste meack haer nogs soo rijndt
233 1599 2418 1721 extende dat allerlej slage van slatie binnen dveretede
172 1635 2290 1820 de kleeden en Ceopmanschaen, soo goede koop konnen
234 1760 2377 1936 hrijpen bij naer alhier en ijder voorschreven handel aenmag
199 1871 2359 2015 light ende bae daar mede behelpen, e datm siut dat nu
221 1991 2304 2132 binde daager roangs de sraaten, en wegen, bunnen
255 2084 2444 2256 en bujten dese rad allentj atiens veijerende omaije sloven
247 2147 2363 2331 en slatennajt e alle man, met beleeden en oopmansz
238 2284 2356 2457 onlopen en dee geselle gemeentes niet alleen, door den
225 2378 2331 2527 sergeeden keop zoo overhelpen, en verzaaden, maer
241 2494 2349 2632 oock aller hej Handelaerljk die vur andere plaetsen met
250 2596 2301 2733 haer vantuijgen alhuer komen, verken, en gerievent
251 2686 2443 2836 jnvoegen de oupp:r in haere geconseueerde laetse vanden
244 2786 2374 2962 passer niete en konnen verhepen ogh oock langer meer
255 2902 2259 3031 en weten be minen, bljvede met hare packen en
245 3020 2298 3171 kleeden diewelcke zij vande E: Comp:e kopen, sitten
245 3100 2375 3282 want het haer onooghlyck wert. deselve en prijse als die
247 3204 2376 3379 jnkoopen, te konnen quijt werden uijt reden voorschreven
240 3299 2341 3429 zijnde den koncken en totaepteerdeng van haer welvaeren
2330 3365 2390 3417 —
249 3407 2384 3550 en ndaten whie Jmpartarten handelvende daer d’ EComp:e
222 3506 2319 3678 soo resz aengelegen is i genackt de su:r de eenighte
240 3614 2277 3767 zijn, die meest adle de bheeden, van d’E: Comp:e soo opte
231 3684 2370 3872 selver vendetijen, als daer buijten, mijnen, koopen, haelen)
247 3802 2218 3956 ennvertieren) voorsal circumspect, met kraght en sorge
154 3878 2281 4051 dient onderschraaght gemanctneert, ende de nbrencken
259 3993 2258 4116 van dien (onder ootmoedige correctie) vlijtelijck geweert
238 4095 2332 4259 en waerlijck de reden doet de spp=r klagen, dat alle de passens
2028 4250 2382 4424 Jnsonderhuijt
2440 272 2614 396 315
2652 112 2805 233 315:
