2959 4759
103 55 265 178 30
162 172 331 337 30
893 67 2768 483 Cintajt 5: Fbauurij Ao 177
1987 566 2147 674 ach
2138 573 2189 666 n
686 555 2763 805 Op het versoeck vande shoppers der geelen Deijn.
662 727 2616 926 dwapen van Alckmaer ende Juff:r waria, om te
52 786 657 961 Premie van ) maenden toe
37 933 630 1020 geleght aende schippers
49 911 2641 1130 nde gelenken sis van mogen genieten de gedinaire prenie voor gesane
36 1043 648 1177 en twapen van Alckmaer
669 1045 2822 1295 spoedige wijngie uijt het Vaderlande zijnde gesamentd
596 1215 2784 1452 den 25e Meij des voorleden Jaern 166. voor reeck: van
629 1364 2783 1596 de Camer amsterdam in zee gelpen, en vervolgens
681 1508 2762 1760 op 27.e december 2 en 11e Januarij, jongstleden
664 1652 2767 1900 hier ter rheede gearriveert, is na delratie.
689 1818 2821 2057 goet gevonden, haer toe te leggen de halve preje
671 1969 2794 2213 ofte soo veel als voor een reijse van geven maenden
681 2125 1302 2313 wert bedaelt
2570 2196 2660 2322 1
701 2346 2796 2580 Bhinko Clinees, jngeseten hier ter stede versoght
694 2511 2853 2730 hebbende onder Borgstoght. vande Cooplieden adriaen
36 2526 703 2739 Henbemelen 1
705 2662 2754 2841 van tliewlandt, en Cornelis Bartelsz Warchier
27 2711 607 2852 Eap:r om jn Ternaten de
32 2799 390 2928 ristitueren
682 2757 2793 3006 met en somma van 1500 p:s uijt Comp:s Casses te
695 2926 2898 3166 mogen werden geaccommodeert, om deselve gTennaten.
692 3095 2865 3309 weder te restitueren, soo is na delberatie gafgevonden
681 3218 2745 3457 hem het zelve onder de gemelte borgstoght en
673 3403 2314 3626 conditie te accorderen en toe teftaen.
721 3584 2762 3865 Dewijl den aghtbaren Raadt van Iustitie deses
37 3590 681 3811 den enen detee
24 3768 679 3869 van Goens jnden raadt van
682 3805 2804 3987 Casteels, door het verkiesen van Joanoies Camphuijs
15 3830 591 3985 Justitie te gebruijcken
666 3906 2730 4128 tot Secretaris vandese vergaderingh, mitsgaders
2348 4102 2535 4289 het
