2927 4708
101 32 272 166 202
302 119 564 258 202
2823 165 2912 311 b
606 242 2850 511 gedeclineert, ende afgewesen sullen moeten werden.
641 499 2847 697 op de voorstellingh vanden gouverneur ende den raadt.
41 554 567 812 de Cngel ven Coon
648 677 2939 827 om den Caneel, die van Ceijlen versonden wort -
22 745 589 858 versonden werdende
35 827 533 967 jn reeckeningh be-
637 822 2782 1006 weder als voordesen, jn reeckenings te brengen
21 835 650 1049 brengen na de porghot
41 993 457 1150 gegeven ordre
650 976 2743 1148 tegen vier stuijvers het lb: is goetgevonden te
649 1128 2804 1331 antwoorden, dat sulcx niet wel en soude voegen
654 1263 2764 1490 nogh over een komen, met onse jongste ordre
565 1402 2685 1651 dien aengaende gegeven, bij de welcke als nogh
646 1573 1529 1784 wert gepersisteert
757 1773 2750 2035 Dewijl den politiquen raadt tot Colombo, door„
27 1865 657 2105 den Pestaigjen e d
653 1983 2600 2197 gaens veel te swack zij, ende maer omtrent
28 2057 631 2195 tot Colombo te laten
10 2106 2775 2339 besdaen uijt 6a7 vonde de helft van het vereijsschie getal uijt maecken
28 2218 739 2395 gequalificeerste dienaren.
649 2264 2769 2429 kan, soo is goetgevonden te ordonneren, dat deselve
635 2420 2766 2567 ten minsten benevens den gouverneur altijt zal
650 2545 2801 2775 moeten bestaen, uijt 6: â 7: vande gequalificeerste
636 2693 2773 2931 dienaren die van tijt, tot tijt, bij de handt sullen zijn,
626 2950 2876 3156 Copende het breedigen van attestatien &:a is verstaen
612 3125 2733 3301 dat zal gehandelt werden, na vorigh gebruijck en
-1 2940 562 3315 Satbertigen me
22 3266 637 3397 attestatien te handelen
653 3295 2759 3463 stijl van regsten, sonder dat zulcks gelijck versoght
18 3350 648 3489 na vorigh gebruijck en
634 3384 2761 3580 zij, altijt zal geschieden, op het eerste recollement
11 3438 559 3616 stijl van reghten
633 3522 2791 3749 tot spoediger bevorderingh van zaecken, na welckers
623 3701 2794 3867 gelegentheijt, als mede van tijten versonen, die
629 3811 2793 3967 vanden raad van Iustitie egster sullen konnen oor„
561 3943 2749 4117 delen, off sodanigen haestigen, beeedigingh zal
633 4087 2358 4269 konnen, ende mogen geschieden, ofte niet
2304 4247 2526 4437 Den
