2901 4715
2578 62 2770 245 221
2553 209 2768 376 221
1933 251 2280 447 N: 16
103 261 2365 539 Sijns dagh: 7:en Septemb er 13. 131 1„
128 673 2165 946 Op het versoeck vanden adsistent Matheus
2281 778 2887 965 Mattheus van Rijelen
135 837 2275 1084 van rijssen, om sigh voor eenigen tijt met stilstande
2276 923 2885 1063 adsistent wert boege
2279 1018 2814 1132 staen sigh buijten
136 997 2259 1232 van gagie buijten ’s Comp: dienst te mogen erneren
2275 1098 2772 1224 dienst van d’ E:r
2276 1173 2871 1314 Comp:s te mogen Erne„
188 1130 2238 1370 goetgevonden E sulcx toe te staen, mits Jaerlycx
2287 1269 2513 1395 ren.
138 1282 2246 1498 jn Comp: Cassa tellende het bedragen van twee
118 1423 2098 1641 maenden gagie die door hem jnt vaderlandt
112 1547 1094 1756 En welfs gemaeckt.
246 1822 2210 2084 de wijl de budaenmaeder jut Tessuijs, hier
99 2002 2227 2228 ter stede Vredegund seteendam, onlangs is komen
2238 2072 2890 2264 Samuel Boudewijn
120 2165 2200 2378 te overlijden, ende dat desselfs man de binnen vader
2250 2206 2874 2328 kranckbesoecker tot
2796 2351 2856 2453 —
2244 2308 2815 2446 binnen vader jnt
148 2329 2142 2510 Cornelis Wodde van Ooltjensplaet, al voor
2246 2405 2880 2555 Weerhuijs verkoren.
136 2447 2189 2666 lange seer jmpotent is geweest, ende daer door
63 2616 2084 2796 enbequaem tot het waernemen, van dien dienst
127 2726 2235 2917 jndewelcke om het groot getal van kinderen wel
118 2850 2125 3045 wert vereijscht dat gehouden wert, een neerstige
114 2953 2270 3193 toesight, en goede ordre, soo is op het voordragen van
35 3115 2195 3303 Diaconen, goetgevonden en verstaen, jn het gem:e
108 3248 2099 3430 Weeshuijs, tot binnenvader te stellen
130 3394 2266 3575 den Cranckbesoecker Samuel Goudewijns
140 3522 2245 3699 althans om de oost op de Cust van Iava. ende
148 3657 2223 3832 tot binnenmoeder desselfs huijsvrouw grietje
112 3801 2301 4007 Boudewijns, die van haer leven ende bequaemh:
88 3923 2310 4131 seer goet getuijgenisse heeft, en deselve dienstrock
1768 4047 2381 4248 geduirende
