2987 4770
20 4469 131 4729 1
2704 67 2891 174 53
2670 217 2837 386 53
192 299 2312 571 anteroeerdoer van de geee sade noetwendi gleden
2260 402 2881 619 de fuijt den savenbergh
2254 570 2953 684 na mauribius aenbeleggen
167 499 2077 738 wert gerequireert, om deselve dan voorts de
2259 648 2849 764 en oock met eenen de-
214 636 2963 863 gedruijcken tot den handel van Rlaven jnde bgeuijcen it den sact
2265 799 2914 988 handel op madagashar„
53 805 2336 1070 ende  het Eijlandije agelage, gelegen
137 960 2326 1187 aende west zijde, van het groote Eijlandt
160 1125 2191 1415 d anrgiekden enen ins onlangs door de
165 1319 2229 1593 operhoofden vant aage Doorhout, van
1075 1465 2395 1749 Experance derwaeris gesonden
436 1714 2438 1931 tucx tot een gedelijcken prijs zijn genegotieert;
148 1862 2298 2121 ende na dien gedeelt wert, dat die voijagie
176 2056 2283 2270 niet alleen gevoegslijck op sodanigen wijse zal
157 2217 2226 2481 konnen geschieden, maer dat oock de gemelde
165 2370 2231 2648 lapen heer wel de stade zullen komen
549 2562 2140 2828 do dienten alhier, waer
1007 2733 2206 2997 root geval Huirlingen
563 2730 864 2993 nu de
175 2683 424 2933 „
172 2930 2085 3166 worden gebruijckt, soo is na deliberatie
186 3148 2043 3329 goetgevonden ende verstaen, deselve
195 3291 2289 3510 besendinge op die wijse te laten voort ganck
186 3394 2188 3638 nemen, ende daer toe aente leggen het
193 3579 2321 3779 Rieuijt schip den Bevenbergh, hebbende,
186 3753 2386 3968 een groot ruijm ende genoegame geleggents:
2128 3942 2289 4097 om
