3012 4763
162 111 347 242 314
228 244 433 416 314
1686 341 2837 556 r Transpart r d:s „ 3900:
610 487 2431 651 De pachter vande waert Wlolenvledt dewelcke dese„
692 608 2414 743 Jaere mencklijck droger is geweest als voordesen ten
707 713 2420 803 waer door het op, en afvaeren der rauwen zij ver„
712 778 2385 890 hindert, als mede het afkomen van Palcken en
1407 847 2469 1022 leen hengent zande
702 862 1228 1030 de amboesen quijt
702 967 1003 1138 rijcxd Js.
2073 957 2616 1139 3 pr: e
1035 980 1477 1131 .   .
707 1080 2623 1235 de pachter vande rivisecheende de oopendentie van
670 1179 2566 1308 dien, hebbende schade geleden door dien de Camrans ri„
705 1277 2586 1386 vier eenigen tijt gestogt is geweest: en dae oock naden hant
716 1381 2597 1508 eenige personen de daer vant hebbderhindeoot
698 1476 2559 1616 afslaps de vergunnen een maert paght penning e.—
704 1535 2591 1728 mid:s dat dE Comp: bezoude haer genarane op de gene e
477 1627 2592 1799 die vande geledene schade de berlack zijn gewers . . . rp:
2643 1621 2827 1784 128:
1991 1780 2812 1993 Temen en b:o 1873.
1101 1881 1252 2005 „
709 1906 2718 2130 Nahet afhandelen vande hoven gemeld versoecken
57 1980 718 2191 Rreqiest van de cliunsz
698 2053 2810 2238 zijn oock in vergaderingh verschen de vangemse
68 2106 666 2245 asser zitters en
63 2205 589 2316 lleeden verkoope
698 2168 2920 2388 chnese Coopluijden basaar siers, enheede perkers
90 2287 385 2400 deser stede
624 2317 2868 2508 hier ter stede overgevende het avaegende requff
1645 2496 1725 2608 8
1198 2468 2700 2837 Aante P: Sente atai Aigt
1183 2793 2911 2972 en Heeren Joanaetsnijcker Gouvern:r:
1037 2900 2359 3102 e ende de Raaden van India
819 3090 2667 3298 heeft met ootmoedige reverentie bekennen alle de„
660 3239 2810 3397 Chinele Cooplieden, kleede verkopers. en passer cuters binnen —
522 3290 2857 3460 deser tstede haer Ed: nederige Dienaren hoef dat volgens haer
658 3437 2854 3596 Ed: ordre geenemooren wardijckers vrladen off jmande anders.
658 3555 2837 3690 wit het oock soude mogen wesen langs s beeren straaten, en
661 3621 2808 3809 wegen, vermoghten eenige befeden draafen te veijlen, nogh
670 3750 2802 3919 de venkopen, ende sulcx alleen jnden kleeden passer tot dien
651 3849 2937 3989 eijnde opgenight also oock binnen de huijsen vande particuliere
648 3926 2821 4060 Cooplieden. alles op de panen, en boeten daen toe gestatueert
654 4029 2841 4211 maer zedert dat particuliere Cooplieden, en Handelgers zijnde
653 4140 2817 4284 van allerleij slatren, vande Cust suratte Bengale &:a met
643 4247 2863 4418 haer eijgen vaertuijgen, en kleden, en Coopmanschappen, hebben
2534 4360 2832 4497 gevaeren
