3037 4780
237 190 394 355 9
2570 -146 2655 102 1
2490 -17 2535 93 :
634 216 2781 512 aenick den weldeende ferhomen naden
541 458 2795 606 den Testateur zijne nagelaten goederen fider commis
624 569 2735 743 hadde gemaeckt tot op den derden graet, van zijn
613 700 2792 872 knden kinderen, nde debjle gemelte goeders
635 837 2783 1021 waeren bestaende jn Erven buijsen ende anden
629 1015 2824 1217 soo binnen als buijten dese stadt, dewelcke Ba„
633 1122 2766 1323 lamer sog meer quamen te verergeren ende
639 1258 2831 1448 tevervallen, dat zij Boedelmesteren goetgevonden
640 1396 2734 1605 ende bij resolutie vastgestelt hadden de jnkomsten
642 1539 2762 1743 ofte huin penningen bedragende maendelijcks 1659
2748 1728 2837 1791 —
642 1671 2761 1893 rijcxdaelders: selve te ontfangen ofte door haeren
655 1797 2870 1977 bodde te laten jnvorderen, ende daer van tot onderhoude
642 1939 2669 2132 te geven aenden gemelten pntoten zoon zijnde
647 2067 2732 2295 getrout, 30: rijcxdaelders mitsgaders de jongste on„
609 2196 2717 2379 getroude 20 rijcxdaelders ter maent latende de
657 2326 2770 2498 overige penningen den bedrage van 115 „ rx:s=s
644 2465 2814 2654 ter maent op Jntaest voortlopen, omme daer mede, bij
657 2600 2934 2781 tijde en wijle te konnen doen, de gansch nodige reparatie
650 2738 2806 2908 vande huijsen ofte petacken voornoeme en op die wesse
648 2842 2795 3002 voor te konden de gansche rine van deselve, ende
657 2990 2820 3176 gevolgblijck het verlics van het gansche Capitael
658 3112 2674 3249 om welcke nedenen meer gem„e Goedel meesters
642 3228 2670 3461 dan oock versoghten, dat wij seerder groot rff
654 3385 2799 3567 jnde Ioncker straet al lange tijt tot ontcieringe
647 3486 2821 3673 vande stade) onbetiument hebbende gelegen, ende
648 3596 2832 3839 daeroock geen jnkomsten uijt wierden getrocken,
638 3753 2850 3967 van den last des verbandte wilden ontelaen ende haer
2351 3906 2760 4074 maghtigs
2806 -2 2927 141 P
