2934 4743
98 -6 293 192 152
289 117 477 273 152
607 244 2862 494 werden gedaen, dat het alsdan oock aen’t goet over„
36 307 561 480 die vanden bij goede
28 389 642 574 gelegentheijt van Soede„
651 451 2809 609 legh, vanden H:r gouvern:r ende den raad op Ceylon,
46 512 610 672 cherij te verdryven
659 573 2780 778 zal blijven gedefereert, om met eenen defrancen
651 724 2796 874 van Poedecherij, te verdrijxen te weten soo het
663 839 2635 1005 sonder den Lantheer te offenceren, geschieden
652 973 2827 1195 kan, mitsgaders zoo onse maght daerttoe rifficant
2603 1113 2671 1162 „
645 1143 2346 1296 werde geoordeelt, endeanders niet
644 1277 2756 1548 De H:r Wilsem volger ext:r raad van India
46 1410 654 1582 twee Heeren uijt dere
653 1478 2754 1699 ende jongst geweest Commissaris, jn suratte bij —
39 1541 606 1663 raad gecommitteert
45 1617 660 1754 voor wien de H:r volgen
645 1601 2631 1821 zijn jongste rapport van dato P„r Iunij deses
23 1702 641 1834 sal bewijsen zyn ver„
35 1741 2781 1985 righten op Wingurla Iaers 1677. versoeck gedaen hebbende, dat het
646 1957 2830 2108 gene hij daer bij van zijn bevindingh, en verrighten
636 2060 2801 2214 op Bingurla hadde geseght, moghte werden
643 2170 2709 2366 gexamneert, door twee Heeren Raaden uijt
644 2327 2825 2505 dese vergaderingh, voor dewelcke hij oock aennam
636 2432 2755 2658 sulx deugdelijck, te bewijsen, heeft als nu het
639 2594 2803 2745 selve versoeck weder gerenoveert vermits zijn
632 2699 2790 2898 vertreck als directeur, over ’s Comp:s Negotie
623 2828 2719 3021 jn Bengale na bij was, ende is daer op na
612 2973 2757 3121 deliberatie goetgevonden, ten voornoemden eijnde
616 3106 2752 3267 te committeren de Heeren, extraord:r raaden
623 3237 2731 3416 Anthonij Paviliden, en Hendrick van Rheede.
619 3360 2775 3596 om dan van haere bevindingh behoorlijck rapport
590 3464 979 3656 te doen.
509 3439 596 3645 C
619 3611 2794 3895 Js mede goetgevonden, en verstaen de navolgende
5 3627 540 3869 Eenige onbequame
9 3762 613 3917 Jevarende onen
589 3813 2701 4031 Zeevarende personen, haere gagien te laten
3 3875 604 4016 haer ofgie delatjn
14 3956 476 4128 afschrijven.
611 3927 2616 4146 afschrijven, als hebbende jn langen tijt geen
2279 4093 2690 4299 dienst
2427 4242 2710 4431 d:o
