<?xml version="1.0" encoding="UTF-8" standalone="yes"?>
<PcGts xmlns="http://schema.primaresearch.org/PAGE/gts/pagecontent/2013-07-15" xmlns:xsi="http://www.w3.org/2001/XMLSchema-instance" xsi:schemaLocation="http://schema.primaresearch.org/PAGE/gts/pagecontent/2013-07-15 http://schema.primaresearch.org/PAGE/gts/pagecontent/2013-07-15/pagecontent.xsd">
    <Metadata>
        <Creator>prov=University of Rostock/Institute of Mathematics/CITlab|PLANET AI GmbH/Gundram Leifert/gundram.leifert@planet-ai.de:name=IJsberg(htr_id=20209)::::v=2.6.6
prov=University of Rostock/Institute of Mathematics/CITlab|PLANET AI GmbH/Tobias Gruening/tobias.gruening@planet-ai.de:name=de.uros.citlab.module.baseline2polygon.B2PSeamMultiOriented:v=2.6.6
prov=University of Rostock/Institute of Mathematics/CITlab|PLANET AI GmbH/Tobias Gruening/tobias.gruening@planet-ai.de:name=/net_tf/LA73_249_0mod360.pb:de.uros.citlab.segmentation.CITlab_LA_ML:v=2.6.6
Transkribus</Creator>
        <Created>2020-09-07T11:01:18.999+07:00</Created>
        <LastChange>2020-09-07T10:58:08.524+02:00</LastChange>
        <TranskribusMetadata docId="471693" pageId="19517206" pageNr="294" tsid="39407309" status="IN_PROGRESS" userId="15017" imgUrl="https://files.transkribus.eu/Get?id=JZNZOGBALVMCQOHJPOQUAQND&amp;fileType=view" xmlUrl="https://files.transkribus.eu/Get?id=LTYDGFSPQHVWMCVTZXLDNLNZ" imageId="15084167"/>
    </Metadata>
    <Page imageFilename="ID-ANRI_K66a_889_296.jpg" imageWidth="2979" imageHeight="4736">
        <ReadingOrder>
            <OrderedGroup id="ro_1620455922840" caption="Regions reading order">
                <RegionRefIndexed index="0" regionRef="r1"/>
            </OrderedGroup>
        </ReadingOrder>
        <TextRegion orientation="0.0" id="r1" custom="readingOrder {index:0;}">
            <Coords points="21,99 21,4651 2877,4651 2877,99"/>
            <TextLine id="r1l1" custom="readingOrder {index:0;}">
                <Coords points="80,175 97,174 115,190 148,179 182,195 251,148 281,147 277,43 240,51 201,80 177,77 160,61 140,69 126,56 110,70 77,74"/>
                <Baseline points="95,158 123,158 151,156 179,155 207,153 235,152 263,155"/>
                <TextEquiv>
                    <Unicode>296</Unicode>
                </TextEquiv>
            </TextLine>
            <TextLine id="r1l2" custom="readingOrder {index:1;}">
                <Coords points="384,273 425,277 473,243 507,204 534,215 547,201 577,198 566,54 542,50 529,61 472,65 463,76 371,106"/>
                <Baseline points="396,204 423,199 450,196 477,192 504,191 531,191 558,192"/>
                <TextEquiv>
                    <Unicode>296</Unicode>
                </TextEquiv>
            </TextLine>
            <TextLine id="r1l3" custom="readingOrder {index:2;}">
                <Coords points="680,476 2719,520 2823,494 2826,112 2245,244 2001,108 1803,194 1599,108 1447,231 1310,162 1087,291 854,195 682,237"/>
                <Baseline points="698,435 803,440 909,443 1014,444 1120,447 1225,449 1331,450 1436,452 1542,452 1647,453 1753,453 1858,453 1964,454 2069,455 2175,455 2280,455 2386,456 2491,456 2597,458 2702,459 2808,461"/>
                <TextEquiv>
                    <Unicode>Woansdagh. 15:' december Ao 1677.</Unicode>
                </TextEquiv>
            </TextLine>
            <TextLine id="r1l4" custom="readingOrder {index:3;}">
                <Coords points="716,857 2784,958 2753,692 2378,799 2147,777 2022,677 1636,672 1489,790 1284,809 1120,802 932,654 720,686"/>
                <Baseline points="734,830 835,834 937,839 1039,842 1141,846 1242,849 1344,851 1446,854 1548,855 1649,857 1751,858 1853,860 1955,861 2056,863 2158,864 2260,867 2362,869 2463,871 2565,873 2667,878 2769,881"/>
                <TextEquiv>
                    <Unicode>Her comminicatie vanden Eermaende serchen</Unicode>
                </TextEquiv>
            </TextLine>
            <TextLine id="r1l5" custom="readingOrder {index:4;}">
                <Coords points="15,929 59,905 176,898 377,898 438,921 478,881 538,888 538,727 498,740 417,700 370,720 182,701 99,761 15,741"/>
                <Baseline points="32,878 57,881 83,884 109,887 134,888 160,890 186,891 212,891 237,891 263,891 289,891 315,890 340,890 366,889 392,887 418,886 443,885 469,884 495,882 521,881"/>
                <TextEquiv>
                    <Unicode>den Beker</Unicode>
                </TextEquiv>
            </TextLine>
            <TextLine id="r1l6" custom="readingOrder {index:5;}">
                <Coords points="13,986 2059,1005 2155,1077 2730,1016 2480,915 1594,960 627,806 450,927 14,929"/>
                <Baseline points="30,969 164,971 298,974 432,975 566,978 700,980 834,983 968,986 1102,989 1236,992 1371,995 1505,998 1639,1000 1773,1002 1907,1005 2041,1007 2175,1008 2309,1008 2443,1010 2577,1010 2712,1008"/>
                <TextEquiv>
                    <Unicode>Aeuricus vandesainder raads, is na deliberatie goet gevonden na Banda</Unicode>
                </TextEquiv>
            </TextLine>
            <TextLine id="r1l7" custom="readingOrder {index:6;}">
                <Coords points="6,1103 137,1150 197,1089 268,1072 335,1091 372,1061 426,1111 482,1094 550,1147 637,1147 636,986 579,1013 519,993 479,1013 435,980 385,994 257,968 167,1002 86,979 6,1006"/>
                <Baseline points="24,1053 53,1056 83,1058 113,1059 143,1060 173,1061 203,1061 232,1061 262,1061 292,1061 322,1061 352,1059 382,1059 412,1058 441,1058 471,1056 501,1056 531,1056 561,1056 591,1055 621,1055"/>
                <TextEquiv>
                    <Unicode>mabande beroogpen</Unicode>
                </TextEquiv>
            </TextLine>
            <TextLine id="r1l8" custom="readingOrder {index:7;}">
                <Coords points="643,1164 991,1223 1267,1143 2669,1184 2671,1050 2530,1024 2154,1076 1387,997 1208,1068 646,989"/>
                <Baseline points="659,1128 758,1130 858,1131 958,1132 1058,1133 1157,1134 1257,1136 1357,1137 1457,1139 1556,1140 1656,1142 1756,1143 1856,1145 1955,1146 2055,1148 2155,1149 2255,1151 2354,1154 2454,1155 2554,1157 2654,1158"/>
                <TextEquiv>
                    <Unicode>asse thenden den eerw: rijdient Beuricus vanden</Unicode>
                </TextEquiv>
            </TextLine>
            <TextLine id="r1l9" custom="readingOrder {index:8;}">
                <Coords points="645,1289 2852,1342 2810,1134 1884,1227 1761,1145 1535,1219 1086,1153 951,1229 647,1162"/>
                <Baseline points="662,1274 770,1275 879,1277 987,1278 1096,1280 1205,1280 1313,1281 1422,1281 1531,1283 1639,1283 1748,1284 1857,1284 1965,1286 2074,1286 2183,1289 2291,1290 2400,1292 2509,1295 2617,1298 2726,1302 2835,1307"/>
                <TextEquiv>
                    <Unicode>sulden. eenige maenden vesladen hier uijt het vaderld</Unicode>
                </TextEquiv>
            </TextLine>
            <TextLine id="r1l10" custom="readingOrder {index:9;}">
                <Coords points="2617,1407 2676,1422 2690,1413 2704,1414 2732,1443 2765,1445 2775,1315 2724,1321 2701,1306 2681,1308 2665,1300 2624,1307"/>
                <Baseline points="2634,1388 2663,1394 2692,1396 2721,1398 2751,1397"/>
                <TextEquiv>
                    <Unicode></Unicode>
                </TextEquiv>
            </TextLine>
            <TextLine id="r1l11" custom="readingOrder {index:10;}">
                <Coords points="661,1435 2401,1444 2571,1528 2595,1307 2395,1410 2233,1303 1747,1287 1490,1397 1106,1285 662,1337"/>
                <Baseline points="677,1422 776,1424 876,1426 976,1427 1076,1428 1176,1430 1276,1431 1376,1433 1476,1434 1576,1436 1676,1437 1776,1439 1876,1442 1976,1443 2076,1445 2176,1448 2276,1451 2376,1454 2476,1457 2576,1461"/>
                <TextEquiv>
                    <Unicode>aengekomen, ende voorsz na Ternaten, den eens</Unicode>
                </TextEquiv>
            </TextLine>
            <TextLine id="r1l12" custom="readingOrder {index:11;}">
                <Coords points="652,1499 702,1494 686,1330 666,1332 657,1343 637,1345"/>
                <Baseline points="669,1485 683,1484"/>
                <TextEquiv>
                    <Unicode></Unicode>
                </TextEquiv>
            </TextLine>
            <TextLine id="r1l13" custom="readingOrder {index:12;}">
                <Coords points="15,1509 115,1492 189,1518 246,1497 303,1544 350,1500 417,1533 582,1498 662,1551 661,1430 541,1438 470,1412 417,1449 288,1333 212,1360 67,1321 13,1331"/>
                <Baseline points="32,1490 62,1491 93,1491 123,1491 154,1491 185,1491 215,1491 246,1491 276,1491 307,1491 338,1490 368,1490 399,1490 429,1490 460,1488 491,1488 521,1488 552,1488 582,1487 613,1487 644,1487"/>
                <TextEquiv>
                    <Unicode>en Dom: Carobis manse</Unicode>
                </TextEquiv>
            </TextLine>
            <TextLine id="r1l14" custom="readingOrder {index:13;}">
                <Coords points="2694,1523 2710,1526 2726,1515 2743,1531 2773,1519 2802,1545 2837,1558 2862,1552 2891,1560 2901,1508 2843,1484 2826,1464 2812,1468 2765,1423 2712,1417"/>
                <Baseline points="2714,1512 2741,1520 2768,1526 2795,1532 2822,1536 2849,1538 2877,1541"/>
                <TextEquiv>
                    <Unicode>r</Unicode>
                </TextEquiv>
            </TextLine>
            <TextLine id="r1l15" custom="readingOrder {index:14;}">
                <Coords points="18,1630 108,1588 302,1596 316,1582 376,1582 400,1595 443,1577 442,1530 396,1534 362,1501 312,1539 251,1496 174,1527 113,1491 16,1512"/>
                <Baseline points="35,1574 61,1574 87,1574 113,1575 139,1575 165,1575 191,1575 217,1575 243,1575 269,1574 295,1574 321,1573 347,1572 373,1571 399,1569 425,1568"/>
                <TextEquiv>
                    <Unicode>na ternaden</Unicode>
                </TextEquiv>
            </TextLine>
            <TextLine id="r1l16" custom="readingOrder {index:15;}">
                <Coords points="610,1595 1697,1595 1864,1678 2029,1596 2568,1695 2874,1629 2875,1555 2400,1444 2001,1445 1829,1556 1683,1440 1405,1423 723,1456 611,1535"/>
                <Baseline points="627,1574 738,1577 849,1579 961,1581 1072,1584 1184,1586 1295,1587 1407,1589 1518,1590 1630,1592 1741,1593 1852,1595 1964,1596 2075,1598 2187,1599 2298,1601 2410,1602 2521,1604 2633,1605 2744,1608 2856,1610"/>
                <TextEquiv>
                    <Unicode>tredicht Carolus twarage, desen egeve ses: eijed.</Unicode>
                </TextEquiv>
            </TextLine>
            <TextLine id="r1l17" custom="readingOrder {index:16;}">
                <Coords points="654,1803 995,1722 1171,1813 2225,1765 2710,1841 2856,1757 2797,1638 2387,1698 2030,1594 1864,1678 1577,1592 1381,1679 1279,1603 658,1595"/>
                <Baseline points="674,1715 782,1715 890,1715 998,1716 1107,1718 1215,1721 1323,1722 1432,1725 1540,1728 1648,1731 1757,1734 1865,1736 1973,1739 2081,1742 2190,1743 2298,1745 2406,1746 2515,1746 2623,1746 2731,1746 2840,1745"/>
                <TextEquiv>
                    <Unicode>uijt Panda op gekomen, en bij resoludie van 10: dese</Unicode>
                </TextEquiv>
            </TextLine>
            <TextLine id="r1l18" custom="readingOrder {index:17;}">
                <Coords points="625,1928 1089,1868 1346,1952 2430,1918 2496,1976 2708,1926 2710,1788 1764,1828 1560,1768 1301,1838 1080,1754 627,1817"/>
                <Baseline points="642,1859 744,1862 846,1863 949,1866 1051,1868 1154,1869 1256,1872 1359,1873 1461,1875 1564,1876 1666,1878 1768,1878 1871,1880 1973,1881 2076,1883 2178,1884 2281,1886 2383,1887 2486,1889 2588,1890 2691,1892"/>
                <TextEquiv>
                    <Unicode>weder beroeplyck gestelt blypende e enden</Unicode>
                </TextEquiv>
            </TextLine>
            <TextLine id="r1l19" custom="readingOrder {index:18;}">
                <Coords points="670,2023 1216,2018 1433,2102 1800,2040 2050,2111 2172,2033 2751,2085 2787,1962 2097,1921 1552,1986 1105,1872 671,1912"/>
                <Baseline points="686,1994 790,1998 894,2002 998,2006 1102,2010 1206,2012 1310,2015 1415,2018 1519,2021 1623,2022 1727,2024 1831,2025 1935,2027 2039,2028 2144,2028 2248,2028 2352,2028 2456,2028 2560,2028 2664,2028 2769,2028"/>
                <TextEquiv>
                    <Unicode>van een tweede predicane na fanda, dies aldaers</Unicode>
                </TextEquiv>
            </TextLine>
            <TextLine id="r1l20" custom="readingOrder {index:19;}">
                <Coords points="9,2073 143,2040 311,2061 431,2035 653,2048 652,1971 489,1893 395,1898 334,1869 208,1952 8,1972"/>
                <Baseline points="27,2043 57,2042 87,2042 118,2040 148,2040 179,2039 209,2039 239,2037 270,2037 300,2036 331,2036 361,2035 391,2034 422,2034 452,2034 483,2034 513,2033 543,2033 574,2033 604,2033 635,2033"/>
                <TextEquiv>
                    <Unicode>den 3:' Leedilans voor</Unicode>
                </TextEquiv>
            </TextLine>
            <TextLine id="r1l21" custom="readingOrder {index:20;}">
                <Coords points="39,2139 136,2131 173,2150 263,2122 408,2142 575,2119 636,2134 634,2047 563,2038 517,2073 463,2037 295,2050 252,2085 181,2049 151,2063 107,2044 37,2076"/>
                <Baseline points="56,2126 84,2125 112,2123 140,2122 168,2121 197,2120 225,2120 253,2120 281,2118 309,2118 338,2118 366,2117 394,2117 422,2117 450,2117 479,2116 507,2115 535,2115 563,2114 591,2114 620,2112"/>
                <TextEquiv>
                    <Unicode>banda totten daesten</Unicode>
                </TextEquiv>
            </TextLine>
            <TextLine id="r1l22" custom="readingOrder {index:21;}">
                <Coords points="659,2145 795,2195 1746,2143 2601,2267 2606,2052 2553,2041 2391,2098 2137,2042 2055,2104 1878,2053 1787,2111 661,2048"/>
                <Baseline points="674,2136 769,2139 865,2142 960,2144 1056,2147 1151,2148 1247,2150 1342,2153 1438,2154 1533,2156 1629,2157 1725,2159 1820,2161 1916,2163 2011,2165 2107,2168 2202,2171 2298,2174 2393,2177 2489,2181 2585,2186"/>
                <TextEquiv>
                    <Unicode>oock seer nootsaecklijck wert ver eijscht. b</Unicode>
                </TextEquiv>
            </TextLine>
            <TextLine id="r1l23" custom="readingOrder {index:22;}">
                <Coords points="43,2288 110,2271 130,2278 164,2258 177,2265 288,2212 302,2222 315,2209 349,2216 349,2128 282,2141 252,2121 171,2151 131,2147 118,2134 44,2143"/>
                <Baseline points="60,2195 87,2197 114,2198 141,2199 169,2199 196,2199 223,2199 251,2199 278,2199 305,2198 333,2198"/>
                <TextEquiv>
                    <Unicode>uijtgestelt</Unicode>
                </TextEquiv>
            </TextLine>
            <TextLine id="r1l24" custom="readingOrder {index:23;}">
                <Coords points="634,2295 939,2345 1027,2280 1304,2343 1530,2318 1679,2398 2303,2368 2306,2261 2054,2249 1949,2169 1401,2201 903,2146 784,2198 638,2151"/>
                <Baseline points="651,2291 732,2291 814,2292 896,2294 978,2295 1059,2297 1141,2300 1223,2301 1305,2303 1386,2306 1468,2307 1550,2309 1632,2312 1713,2313 1795,2315 1877,2316 1959,2318 2040,2319 2122,2321 2204,2322 2286,2322"/>
                <TextEquiv>
                    <Unicode>laeke soesondinge derwaerts uijtoeseelt</Unicode>
                </TextEquiv>
            </TextLine>
            <TextLine id="r1l25" custom="readingOrder {index:24;}">
                <Coords points="736,2566 2617,2589 2819,2541 2821,2407 738,2442"/>
                <Baseline points="755,2526 857,2525 959,2525 1062,2526 1164,2526 1266,2528 1369,2530 1471,2532 1573,2534 1676,2536 1778,2538 1880,2540 1983,2543 2085,2544 2187,2546 2290,2547 2392,2547 2494,2547 2597,2547 2699,2546 2802,2544"/>
                <TextEquiv>
                    <Unicode>ende het verkande en vande jegenwoordige descalte</Unicode>
                </TextEquiv>
            </TextLine>
            <TextLine id="r1l26" custom="readingOrder {index:25;}">
                <Coords points="535,2735 818,2667 1492,2683 1588,2758 1764,2669 2565,2730 2696,2687 2697,2560 1244,2610 1013,2545 536,2631"/>
                <Baseline points="554,2657 660,2658 766,2660 872,2663 978,2664 1085,2666 1191,2667 1297,2669 1403,2672 1509,2672 1616,2673 1722,2675 1828,2675 1934,2676 2040,2676 2147,2676 2253,2676 2359,2676 2465,2676 2571,2675 2678,2673"/>
                <TextEquiv>
                    <Unicode>der zaecken op de ooss ald van dava. one</Unicode>
                </TextEquiv>
            </TextLine>
            <TextLine id="r1l27" custom="readingOrder {index:26;}">
                <Coords points="644,2845 1795,2825 1981,2911 2519,2827 2793,2904 2854,2898 2856,2720 645,2724"/>
                <Baseline points="662,2805 770,2807 879,2808 988,2810 1097,2810 1206,2811 1314,2813 1423,2813 1532,2814 1641,2816 1750,2816 1858,2817 1967,2819 2076,2820 2185,2822 2294,2823 2402,2825 2511,2826 2620,2829 2729,2831 2838,2834"/>
                <TextEquiv>
                    <Unicode>nogh continuerende verwerringen onder het geeiede</Unicode>
                </TextEquiv>
            </TextLine>
            <TextLine id="r1l28" custom="readingOrder {index:27;}">
                <Coords points="636,2976 2705,3004 2706,2863 2519,2827 2206,2934 1731,2831 1623,2894 916,2821 637,2882"/>
                <Baseline points="653,2960 754,2958 856,2957 958,2957 1059,2957 1161,2958 1263,2960 1364,2961 1466,2963 1568,2964 1670,2967 1771,2969 1873,2970 1975,2972 2076,2973 2178,2975 2280,2976 2381,2976 2483,2976 2585,2975 2687,2973"/>
                <TextEquiv>
                    <Unicode>van den Gousonhourangs Wattaram, is mide</Unicode>
                </TextEquiv>
            </TextLine>
            <TextLine id="r1l29" custom="readingOrder {index:28;}">
                <Coords points="650,3171 882,3119 1063,3174 1164,3108 1257,3182 1486,3107 1619,3205 2425,3131 2522,3202 2676,3166 2677,3015 2406,2979 2234,3052 2154,2988 2010,3044 1601,2977 1436,3039 1239,2961 651,3020"/>
                <Baseline points="668,3108 767,3108 867,3110 966,3110 1066,3111 1166,3111 1265,3111 1365,3113 1464,3113 1564,3113 1664,3114 1763,3114 1863,3114 1962,3116 2062,3117 2162,3117 2261,3119 2361,3120 2460,3122 2560,3123 2660,3125"/>
                <TextEquiv>
                    <Unicode>gesproken, nopende het aldaer verblijven ofte</Unicode>
                </TextEquiv>
            </TextLine>
            <TextLine id="r1l30" custom="readingOrder {index:29;}">
                <Coords points="13,3274 637,3230 1152,3346 1666,3274 2128,3349 2612,3284 2613,3197 14,3133"/>
                <Baseline points="30,3237 158,3236 286,3237 414,3239 543,3240 671,3244 799,3247 927,3251 1056,3254 1184,3257 1312,3260 1440,3263 1569,3264 1697,3266 1825,3267 1953,3266 2082,3264 2210,3262 2338,3257 2466,3252 2595,3243"/>
                <TextEquiv>
                    <Unicode> H adm:s Harmans hetwaerts ge komen vande H:r Cornelis peelman</Unicode>
                </TextEquiv>
            </TextLine>
            <TextLine id="r1l31" custom="readingOrder {index:30;}">
                <Coords points="12,3337 149,3342 220,3324 287,3353 414,3324 441,3344 555,3305 554,3248 486,3235 393,3271 353,3251 329,3275 309,3255 246,3270 212,3257 172,3281 104,3248 11,3274"/>
                <Baseline points="29,3320 54,3321 79,3321 105,3321 130,3320 156,3320 181,3320 206,3320 232,3318 257,3318 283,3318 308,3317 333,3317 359,3316 384,3315 410,3315 435,3315 460,3314 486,3314 511,3314 537,3315"/>
                <TextEquiv>
                    <Unicode>herwaerts kom ste</Unicode>
                </TextEquiv>
            </TextLine>
            <TextLine id="r1l32" custom="readingOrder {index:31;}">
                <Coords points="600,3415 2424,3443 2733,3420 2733,3306 2250,3281 2116,3362 2036,3288 1908,3361 1727,3274 1170,3349 711,3285 600,3345"/>
                <Baseline points="618,3383 728,3387 838,3391 949,3395 1059,3396 1170,3398 1280,3399 1391,3401 1501,3401 1612,3401 1722,3401 1833,3399 1943,3399 2054,3398 2164,3398 2275,3396 2385,3395 2496,3395 2606,3395 2717,3393"/>
                <TextEquiv>
                    <Unicode>ordinaris raadt van Jndia adminael &amp;:a en wijders</Unicode>
                </TextEquiv>
            </TextLine>
            <TextLine id="r1l33" custom="readingOrder {index:32;}">
                <Coords points="3,3421 36,3434 97,3410 140,3424 204,3407 231,3427 308,3396 345,3426 553,3409 552,3305 445,3342 415,3322 375,3346 335,3332 288,3353 217,3323 123,3343 3,3334"/>
                <Baseline points="21,3399 46,3399 72,3398 98,3398 124,3398 150,3398 175,3399 201,3399 227,3399 253,3399 279,3399 304,3399 330,3399 356,3398 382,3398 408,3398 433,3398 459,3398 485,3396 511,3396 537,3396"/>
                <TextEquiv>
                    <Unicode>van Iavas opsshust</Unicode>
                </TextEquiv>
            </TextLine>
            <TextLine id="r1l34" custom="readingOrder {index:33;}">
                <Coords points="11,3575 52,3558 79,3578 185,3527 319,3502 451,3574 547,3496 614,3502 613,3402 345,3424 308,3395 241,3425 178,3409 104,3447 60,3424 10,3434"/>
                <Baseline points="27,3489 55,3489 84,3488 112,3488 141,3488 169,3488 198,3488 226,3488 255,3488 283,3488 312,3488 340,3488 369,3488 397,3488 426,3487 454,3486 483,3486 511,3485 540,3483 568,3483 597,3480"/>
                <TextEquiv>
                    <Unicode>aen sijnde te desaeren</Unicode>
                </TextEquiv>
            </TextLine>
            <TextLine id="r1l35" custom="readingOrder {index:34;}">
                <Coords points="627,3548 1814,3537 1915,3604 2615,3546 2589,3435 1254,3423 965,3494 627,3420"/>
                <Baseline points="642,3524 739,3527 837,3530 935,3531 1033,3533 1131,3534 1229,3536 1327,3536 1425,3537 1523,3537 1621,3537 1718,3536 1816,3536 1914,3534 2012,3534 2110,3533 2208,3531 2306,3530 2404,3528 2502,3527 2600,3525"/>
                <TextEquiv>
                    <Unicode>daer op na gesien ende gelesen zijnde de resolutie</Unicode>
                </TextEquiv>
            </TextLine>
            <TextLine id="r1l36" custom="readingOrder {index:35;}">
                <Coords points="625,3684 1923,3761 2087,3687 2758,3719 2812,3501 2376,3648 2058,3556 1722,3650 1585,3575 1336,3642 1162,3544 837,3604 625,3546"/>
                <Baseline points="642,3674 749,3675 857,3677 965,3678 1072,3679 1180,3680 1288,3681 1395,3681 1503,3681 1611,3681 1719,3683 1826,3683 1934,3683 2042,3683 2149,3681 2257,3681 2365,3681 2472,3681 2580,3681 2688,3681 2796,3681"/>
                <TextEquiv>
                    <Unicode>ende het oordeel van zijn E: raad aldaer namentlj</Unicode>
                </TextEquiv>
            </TextLine>
            <TextLine id="r1l37" custom="readingOrder {index:36;}">
                <Coords points="607,3809 1060,3893 1308,3825 2472,3885 2572,3866 2574,3688 2218,3762 608,3698"/>
                <Baseline points="623,3798 719,3803 816,3806 912,3809 1009,3812 1106,3815 1202,3816 1299,3818 1396,3819 1492,3821 1589,3821 1686,3822 1782,3822 1879,3822 1976,3822 2072,3822 2169,3821 2266,3821 2362,3819 2459,3819 2556,3818"/>
                <TextEquiv>
                    <Unicode>dat de herwaerts komste van gemelte zijn E:</Unicode>
                </TextEquiv>
            </TextLine>
            <TextLine id="r1l38" custom="readingOrder {index:37;}">
                <Coords points="688,3979 866,3948 1090,4038 1245,3972 1543,4036 1992,4035 2171,3960 2378,4053 2737,4003 2738,3892 2336,3854 2191,3913 1481,3831 813,3907 690,3838"/>
                <Baseline points="704,3938 804,3941 905,3944 1006,3946 1107,3948 1208,3950 1309,3951 1409,3953 1510,3953 1611,3954 1712,3955 1813,3956 1914,3956 2015,3957 2115,3957 2216,3959 2317,3960 2418,3962 2519,3963 2620,3965 2721,3968"/>
                <TextEquiv>
                    <Unicode>geduurende het jegenwoordige weste mousson sonder</Unicode>
                </TextEquiv>
            </TextLine>
            <TextLine id="r1l39" custom="readingOrder {index:38;}">
                <Coords points="629,4124 1888,4091 2232,4158 2320,4103 2631,4136 2633,4055 2271,4052 2172,3959 2036,4044 1209,3981 1067,4042 847,3944 631,4004"/>
                <Baseline points="647,4077 745,4077 843,4077 942,4079 1040,4079 1139,4080 1237,4082 1336,4083 1434,4086 1533,4088 1631,4089 1729,4092 1828,4094 1926,4097 2025,4098 2123,4101 2222,4103 2320,4106 2419,4107 2517,4109 2616,4110"/>
                <TextEquiv>
                    <Unicode>verlet ofte verhinderinge soude konnen geschieden</Unicode>
                </TextEquiv>
            </TextLine>
            <TextLine id="r1l40" custom="readingOrder {index:39;}">
                <Coords points="560,4235 684,4293 1597,4229 1857,4302 2150,4238 2250,4306 2652,4297 2654,4146 2570,4132 2432,4184 2326,4106 2181,4171 1953,4105 1577,4182 1360,4089 692,4153 562,4067"/>
                <Baseline points="578,4215 686,4217 794,4218 903,4220 1011,4221 1119,4223 1228,4224 1336,4226 1444,4227 1553,4229 1661,4230 1770,4232 1878,4232 1986,4233 2095,4233 2203,4235 2311,4235 2420,4235 2528,4235 2637,4233"/>
                <TextEquiv>
                    <Unicode>dogh dat zijn E: daer op nogh geen vast besluijt</Unicode>
                </TextEquiv>
            </TextLine>
            <TextLine id="r1l41" custom="readingOrder {index:40;}">
                <Coords points="2646,4246 2700,4242 2672,4053 2618,4057"/>
                <Baseline points="2661,4233 2682,4230"/>
                <TextEquiv>
                    <Unicode></Unicode>
                </TextEquiv>
            </TextLine>
            <TextLine id="r1l42" custom="readingOrder {index:41;}">
                <Coords points="2493,4380 2523,4388 2534,4382 2554,4405 2565,4403 2580,4415 2591,4407 2611,4413 2621,4333 2598,4330 2564,4308 2553,4314 2528,4300 2504,4300"/>
                <Baseline points="2511,4370 2539,4375 2568,4377 2597,4383"/>
                <TextEquiv>
                    <Unicode>In</Unicode>
                </TextEquiv>
            </TextLine>
            <TextLine id="r1l43" custom="readingOrder {index:42;}">
                <Coords points="1805,4625 1825,4628 1831,4641 1843,4648 1864,4638 1890,4646 1914,4573 1898,4568 1887,4571 1877,4568 1862,4538 1858,4540 1836,4533"/>
                <Baseline points="1827,4607 1854,4619 1881,4625"/>
                <TextEquiv>
                    <Unicode></Unicode>
                </TextEquiv>
            </TextLine>
            <TextEquiv>
                <Unicode>296
296
Woansdagh. 15:' december Ao 1677.
Her comminicatie vanden Eermaende serchen
den Beker
Aeuricus vandesainder raads, is na deliberatie goet gevonden na Banda
mabande beroogpen
asse thenden den eerw: rijdient Beuricus vanden
sulden. eenige maenden vesladen hier uijt het vaderld

aengekomen, ende voorsz na Ternaten, den eens

en Dom: Carobis manse
r
na ternaden
tredicht Carolus twarage, desen egeve ses: eijed.
uijt Panda op gekomen, en bij resoludie van 10: dese
weder beroeplyck gestelt blypende e enden
van een tweede predicane na fanda, dies aldaers
den 3:' Leedilans voor
banda totten daesten
oock seer nootsaecklijck wert ver eijscht. b
uijtgestelt
laeke soesondinge derwaerts uijtoeseelt
ende het verkande en vande jegenwoordige descalte
der zaecken op de ooss ald van dava. one
nogh continuerende verwerringen onder het geeiede
van den Gousonhourangs Wattaram, is mide
gesproken, nopende het aldaer verblijven ofte
 H adm:s Harmans hetwaerts ge komen vande H:r Cornelis peelman
herwaerts kom ste
ordinaris raadt van Jndia adminael &amp;:a en wijders
van Iavas opsshust
aen sijnde te desaeren
daer op na gesien ende gelesen zijnde de resolutie
ende het oordeel van zijn E: raad aldaer namentlj
dat de herwaerts komste van gemelte zijn E:
geduurende het jegenwoordige weste mousson sonder
verlet ofte verhinderinge soude konnen geschieden
dogh dat zijn E: daer op nogh geen vast besluijt

In
</Unicode>
            </TextEquiv>
        </TextRegion>
    </Page>
</PcGts>
