2950 4757
161 49 331 171 170
177 203 363 380 170
744 71 2846 516 Sijns:dagh 3 Augustij A:o 167.
1797 462 2275 640 J:V
1517 502 1643 636 „
730 688 2815 866 dere: Jndericusthk eijnier bedienaer des. H: Evan„
657 853 2778 1007 geliuims dien der ede gemaeckt, ende weegs al
663 935 2735 1151 opeijgen kosten onder de druckpersse gebraght
649 1067 2835 1294 hebbende seker Nocabulaer in't duijts ende Maleijk,
650 1184 2805 1379 heeft als nij versoght tot voorkominge van schaade
639 1349 2775 1576 die hij bij nadruckinge en Eerkopingh van het selve
700 1484 2778 1676 oetb sonder konnen bijden) dat hem voor eenige
658 1616 2612 1824 Iaeren octbij kioghte werden vergunt waer o
645 1745 2781 1966 gedelibereert zijnde, soo is goetgevonden zijn eersih
638 1866 2752 2075 sulxe bestaen, ende hem daer van een acte
677 1996 2223 2196 deretenen jn mandere als volght
698 2129 2791 2493 Van MMaetswijaser Gueverneur generael
587 2385 2770 2610 sende de Raaden van India, allen den geaen die dese sullen
15 2440 603 2660 betroij aen d' Gueijnier
647 2508 2801 2705 dien ofte horen lesen, saluijt; doen breeren, dat wij geconsenteert.
20 2622 2799 2806 verleent om zijn gemenige accordeert, ende geoctroijeert hbben gelijck wij camsenteren
17 2690 657 2807 maleijts Vocabulair alleen
639 2733 2770 2880 accorderen, ende octroijeren, mitsdese aen d’ Eerw: fredricus
19 2762 690 2893 te mogen doen drucken E
646 2822 2619 3018 queijnier bedienaer des Ed: Eengeliums binnen dese
630 2908 2728 3119 stadt Batavia, dat hij voor den tijt van vijffthien naest.
638 3023 2694 3212 komende jaeren, met seclusie van allen anderen, alhier jn
2675 3108 2737 3180 —
643 3146 2617 3310 India, ende de plaetsen sonterende onder het gebiede
637 3247 2768 3445 vande generale Nlederlandse, geoctroijeerde oostjndische
640 3340 2769 3513 Comp:e sal mogen door drucken uijtgeven, ende verkopen, scker.
623 3461 2666 3638 Docabicla j buijts, en Maleijts, door zijn Eerw: selve
612 3584 2723 3717 gemaeckt en bij een vergadert, verbiedende allen ende een
613 3679 2568 3846 gegelijck die haer bevinden, onder het gebiedt vande
2551 3699 2702 3801 —
610 3759 2730 3940 gem:t E: Comp:e ’t zij dienaren ofte borgers, het gem:
625 3900 2753 4081 Docabulaer jut geheel ofte ten deele jnt groot ofte kleen
602 3985 2732 4185 binnen den voorn: tijt van 15: Jaeren, na te maecken
2290 4124 2765 4289 drucken,
2535 4262 2671 4410 g
