3056 4756
169 109 358 212 234
302 194 551 386 234
703 288 2849 548 konnen vorden bestelt waer op serieuslijck gedeln
2731 519 2885 609 en
692 505 2874 725 zijnde, soo is goetgevonden ende verstaen te ordonig
674 650 2944 842 dat alle mogelijcke devaren zullen moeten werden
689 807 2779 1017 aengewent, om de jntresten te laten conthinueren
665 958 2827 1156 tot /j p:r Co ter maent ofte doo het niet anders
679 1115 2750 1282 en kan wesen, dat aeseem de nieuwe Capitalen
677 1231 2731 1483 sullen mogen werden geught han j p:r C:t dogs
681 1402 2731 1655 wel expresselijck met die menings, dat deselve
672 1558 2764 1799 ten eersten, ende soo haeft als het doenlijck zij
678 1685 2766 1941 weder sullen werden afgeleijst, al souw ons daer
70 1699 578 1944 dagh het selve van„
54 1846 2760 2083 lesten weder oft heogedn te minder contant toekomen, ende den Pader„
673 1994 2781 2184 landssen eijsch voort grootste gedeelte onvoldaen
678 2131 2819 2312 moeten blijven geljck wij oock verstaen, dat daer
680 2306 2780 2453 toe geen andere goedeken ofte Coopmanschappen
662 2429 2811 2618 sullen mogen werden jngeloght, dan de geene die
679 2573 2821 2804 rijcklijck een Cent winst komen op haelen
586 2752 2705 2943 en dat oock den eijsch voorjndien jnde gemild
655 2874 2756 3097 ende meest winst gevende vaeren, dap moeten
593 2995 1465 3222 werden voldaen.
639 3205 2784 3479 Dorders uijt de persise missive getien zijnde hoe
11 3405 2755 3537 ’t voorsemen vande de gouverneurs, sabandaer, en andere grooten, tot
10 3501 648 3663 regenten jn Persia om
645 3510 2760 3705 gamronLaar, en siraes haer mede jn Comp:s
1 3590 577 3732 jn Comp:s negotie de
11 3630 2705 3851 partiegeeren met ernsthandel soghten jntedringen, en jnde aengebragste
2 3782 442 3881 tegen te gaen.
647 3787 2680 3962 Coopmanschappen wilden participeren, waer door
656 3934 2736 4110 jnde Cooplieden groote bekommeringe was ver
645 4053 2769 4229 oorsaeckt, ende de negotie eenigen tijt hadde
2354 4214 2784 4373 stjl
