2963 4722
2658 68 2826 213 159
2668 243 2819 403 159
412 108 2493 523 Vrijdaah 16: ulij A:o 1633.
333 415 788 653 ong
476 593 814 718 set
161 685 2327 871 Den Borger Chirergijn Iulius de Basillier. als
2341 777 2852 953 Gulins Baselier
183 850 2274 1028 mij versoeck eboende ben, mitsde jndispotitie van zijn
2343 920 2918 1045 burger Chiruagijn
2346 990 2952 1136 na ceijlon gelicentiee
167 956 2297 1168 huijsvrouw, met deselve ende vordele familie nae
181 1090 2314 1332 seijlon te mogen vertrecken, soo is goetgevonden
160 1225 2282 1391 hem sulx toetestaen, mitsbetalende het ordinare
174 1343 1169 1556 kost, en transport gelt,
135 1512 2358 1759 ijn vergaderingh gerapporteert zijnde de verkoop vande
2314 1627 2910 1859 de fluijt Camenbuigk
120 1671 2248 1915 romp van’t afgeleijde fleuijt schip Capenburgh,
2309 1777 2921 1934 verkryk voor 600 rx:s
172 1803 2317 1992 opgisteren geschiet aen den Chinees Onsionko, voor
87 1920 2292 2173 de somme van 600: rp:s, soo is goetgevonden 't selve
173 2058 1464 2220 alhier verouden voor Notitie.
26 2184 2301 2449 de opperhoofden van het Engels scheepje de persia,
178 2364 2282 2613 marchandt, eenige dagen voorleden van Bantam
2332 2428 2980 2597 156= lasten terwe vonde
2313 2533 2976 2675 opperhoofden van ’t Engeli
145 2500 2235 2734 hier aengekomen, als nu versoeck doende dat haer
2233 2506 2937 2758 ije herent
173 2636 2289 2866 moghte werden vergunt hunne mede gebragste ladings,
2301 2695 2932 2889 voor recel: van d’ E Comp:s
2322 2788 2735 2916 aentenemen
163 2778 2320 2988 bestaende ten merendele jn 156½ lasten suratse tarwi,
174 2872 2263 3071 te mogen ver kopen, ’t zij aen d’ E Comp:e ofte oock wel
170 3019 2202 3208 aen particuliere borgers, na dat wij zouden komen
169 3107 2241 3350 goet te vinden gelijck de jegenwoordige gesaghebbers
175 3307 2290 3504 vande honorabile engelsche Comp:e tot Bantam,
163 3402 2314 3610 bij haer schrijpen, met het selve scheepje ontfangen
156 3517 2336 3723 oock sodanigen aenbiedingh en versoeck hebben gedaen,
146 3644 2211 3859 soo is daer op met aendaght, gedelibereert; en al
83 3754 2359 4008 enigsins jnbedencken genomen; offmen het selve versoeck,
146 3905 2316 4136 om de gaade consequentie, met jut geheel behoorde
1993 4148 2200 4329 afte
1551 4363 1720 4498 43
