3072 4792
447 432 512 494 E
319 200 2421 544 Aaan dagt 7 Januarij A: 177
801 494 2237 806 Patraordaarij Vergraeringh
1301 686 1928 838 ordn
252 803 2283 1064 Den oorlosh, en het bereven der oost custer ide
254 967 2171 1223 Ejlandt Java, da de uijttepekn Nachhieren
236 1084 2403 1390 en de Pangeran van het Eijlendt Madupa, veroorsaeckt
228 1260 2334 1542 hebbende dat door de pasters van Comp:s inhouteen
88 1453 2178 1723 en gereghtigeeden de deser vercaderinge, oncive
237 1661 2260 1861 verscheijde klaghten, en requesten zijn overgegeven
240 1759 2347 2022 wae bij en ldden aftshags van siee de heijse vrijt
237 1957 2391 2213 peningen hebben vesijht, zoo is als u bij hxepreste
249 2159 2398 2422 extraorduarij, vergaderinge, naer xacde xammae
252 2310 2169 2609 in presoutie en niet adrijs van den Gouffinger
263 2506 2299 2715 Willem van Onthoorn, als mede den sabandhaer
275 2679 2177 2925 chen Ocherel daer ggeeert, als voeg
1246 2902 1653 3042 „ d
250 3011 2385 3233 quale Chinees pagser vande kleede Bazaer
255 3174 2283 3430 is zijn verseeck afgeslagen; en geen verminderin
258 3333 703 3526 toegestaen
274 3391 2395 3638 Ea mede Dariel Narhsz begter vande Rit:
262 3634 706 3810 ankes
262 3744 2386 4022 Item Paloquarlo Chinele Dagleter van den Toebacq.
1804 4081 2419 4369 Schousinio
1055 4313 1151 4493 f
2782 84 2886 208 1
2431 92 2666 276 T
2391 949 3014 1182 erne van verte
2394 1135 3011 1309 Paghters om remioe
2435 2745 2890 2912 Eenige daer van
2435 2880 2790 3041 afgeslagen.
