2979 4721
111 73 291 185 204
295 140 482 313 204
1341 265 1696 398 Mk : Ck
653 302 2737 543 met den Cap:n srld: Herd: Binjorja. die volgens haer
656 496 2849 664 EE: schrijven tot dien dienst onbeqquaan zoude zijn
646 660 2757 803 is goetgevonden te ontwoorden dat Luijden van
649 782 2832 948 sulcken ope diergelijcken qualiteijt, mede begrepen
644 945 2711 1099 zijn, onder het voordesen gegeven verloffende de
636 1101 2806 1282 ordre van de Ed: Heeren onse principaaen, om alle
651 1226 2687 1413 onbebuame dienaren te rugh na het vaderbande
647 1355 1443 1549 te mogen zienden.
2750 1506 2946 1685 n
42 1533 667 1744 de ede Eijkene
676 1521 2942 1775 Je mede goetgevonden, te approceren dat tot Iaffanapatn:
49 1701 630 1816 voor den uijtvoer tot
32 1701 2795 1884 Isapinan 4dwert betaelt 4: rijcksdaelders voor het uijtvoeren
58 1861 2665 2047 van besult J van ijder cliphandt. om met die penningen te
53 1925 673 2043 ondrrhrut der weesen
66 2000 627 2155 wert approbeert
617 1989 2800 2218 ondersouden, ende opte voeder de egste weeskinderen
575 2148 2323 2321 die Needer lantse vaders been gehadt
649 2318 2799 2590 op ’s versoeck van eenen dor Jan de Casta, de Ionge
28 2383 668 2551 ’t versoeck van den Iuan
3 2452 562 2610 da Costa, om als een
648 2506 2671 2723 om als een geadopteerde zoon, vanden overleden
30 2570 542 2692 geadopteerde zoon
529 2617 613 2691 E
14 2659 630 2795 Erffgenaem verklaert
621 2619 2772 2870 dom Joan, gerekent tn dienvoegende, als een Erff„
25 2751 615 2913 te werden uijtgesteld
625 2777 2793 2987 genaem verklaert te mogen werden, is goetgevonden
639 2928 2811 3170 niet te disponeren, voor en al eer van Ceijlon, bescheijt
631 3067 2680 3307 zal wesen gekomen wegens de wetten, ofte vaste
612 3203 2755 3418 gewoonten, vande adoptie der kinderen, aldaer, en
611 3367 2808 3560 dat onderwijlen de nalgtenschap vanden overleden onder
619 3506 2243 3738 d’ E: Comp:e sal worden gesequeftreert.
6 3666 576 3901 Culains hoed van
607 3653 2812 3912 alsoo de schepen die ordinair van Ceijlon na het
-1 3857 570 3992 Csoamindel na ceijlon
612 3858 2722 4091 vaderlandt vertrecken, van noden hebben partsije
6 3916 421 4067 te Zenden
600 4003 2911 4207 Calliatourshout tot het maecken van haere genieringen
2539 4153 2723 4360 s00
