2946 4730
57 35 233 220 158
245 80 436 259 158
599 252 2665 517 zijn jn vergaderings, gebraght, en gelefen alle de
14 364 660 558 sentertie bes doors tegen
666 449 2762 642 stucken, ende bewijsen van het Crimnele proces
7 518 662 643 Jacob verstegen zoldaet
37 603 431 712 Geapprobeert
666 580 2658 749 voorden agstbaren raadt van Iustitie, gejntenteert
661 693 2738 918 bij den E: fiscael Pieter pauw, op en jegens Iacob
646 838 2831 1043 verstegen van vrussel zoldaet, jndienst der E: Comp:e
641 961 2795 1159 doer moord.dadige manslags, begaen aen zijn commande„
661 1129 2685 1300 rende sergeant Hendiick van Asperen, bescheijden
2688 1153 2772 1230 „
657 1228 2797 1389 op de punct Kassauw, onder de poort dien waer over
585 1368 2780 1553 denselve Jacob verstegt, is gecondemneert, om eernst
660 1465 2806 1673 de reghterhandt afgebacht, en daer na onthalft te
673 1600 2764 1805 worden, dat wijders zijn hooft op een penne gesette
654 1716 2788 1920 ende zijn lichaem op een wadt geleght zal werden
664 1853 2764 2081 ten proije vande Dogelen; met confiscatie van zijne
643 1986 2633 2200 goederen, ende te goethebbende gagie: ende is na
535 2079 2768 2373 deliberatie goetgevonden deselve sententie bij desen
658 2261 1273 2455 te approberen.
684 2411 2734 2695 Batavia jn't Casteel datum als Voren
1851 2676 2908 2891 Joan Raetsujker
2046 2843 2725 3114 van goehs
2138 3083 2802 3286 Lauvers Lit
1937 3193 2871 3396 p. Overtwaten.
1938 3348 2712 3562 Constanting Pansz
2015 3491 2826 3726 Jaarvan Hooen
2016 3737 2568 3986 Aerhoon
2062 3971 2510 4330 r
1897 4314 2716 4561 Van Canghuijs
1930 4480 2102 4645 seere
