2976 4696
157 612 221 772 .
2638 63 2790 215 139
2650 195 2817 362 139
457 241 2444 498 Lijnsaugh 29 Iunij A:o 1677.
280 626 2358 889 Gesproken zijnde, van de jmportante dirente
207 852 2356 1032 van Bengale, dewelcke door het overlijden vande
203 933 2281 1123 Heer francois de haze, is vacant geworden, ende
2326 957 2988 1176 de H:r Eetraord: rand
209 1092 2270 1259 waer toe gemeent wierde dat de Heer extraord:r
2327 1135 2936 1252 Willem volgen verko„
2342 1208 2911 1318 ren tot directeur
206 1189 2301 1407 raad illem Volger, jongst geweest Commissaris
2347 1277 2840 1421 van Bengale. —
198 1314 2330 1525 jn suratte, en den 12'e van de voorledene maent Meij
214 1429 2440 1670 hier aengekomen, eenige genegentheijt soude hebben getoont
196 1581 2372 1759 soo heeft zijn E: daer op verklaert noijt van jntentie
206 1711 2385 1879 geweest te zijn, om deselve directie te versoecken,
205 1829 2330 2019 maer wel omsigh tot het bekleden van dien gaerne
208 1973 2339 2177 en bereijdwilligh, te laten gebruijcken, jndien bij de
201 2116 2285 2297 vergaderingh wierde geoordeelt, dat zijn persoon
180 2246 2308 2461 aldaer, quam te vereijsschen, hebbende geen ander
198 2381 2411 2549 Oogsmerck als den waeren dienst van d’E Comp: ende
206 2498 2312 2732 om deselve na de maere van zijn bequaemheijt, en
219 2643 2289 2858 ervarentheijt; met allen getrouwen ijver waer te
217 2757 2437 2987 nemen, gelijck hij oock verhoopte dat de vergaderingh
204 2908 2335 3116 jn zijn vorige verrightingen, souden gelieven te
211 3014 2357 3241 nemen behagen, e contentement, waer mede opge„
208 3165 2305 3397 staen, ende na buijten gegaen zijnde, soo heeft de
149 3304 2389 3525 vergadrn voor heegst geconsidereert, dat zijn E:
228 3446 2407 3676 bij de jongst ontfangen generale missive der E: E: Heeren
219 3571 2406 3760 17: van dato 2:' octber jongsteeden keure gegeven
215 3737 2480 3881 zij, om jn surt te continueren, ofte alhier op batavia.
158 3856 2283 4042 te komen, ende zijn rangh, de hoge regeringh
1986 4032 2153 4215 bij
