2958 4738
82 19 272 200 190
126 215 360 417 90
551 73 2975 586 Dijnsdagh, 24„e Augustij A:o197.
664 674 2779 972 sij na deliberatie voergevonden, den oppercoopmman
15 753 609 963 Jan eder 1 71
54 910 634 1029 Opperkoopman inden
636 900 2779 1098 Jacob vander Waeijen, die nu al een geruijmen tijt
43 978 616 1100 aghtbaren raads van
33 1087 2762 1276 Fuotie de gebuijcknbuijten emploij is geweest te gebruijcken als een
613 1203 2661 1455 Lidt jnden aghtbaeren raadt van justitie deses
621 1347 2756 1596 Casteels, tot vervullinge vande plaetse dewelcke
544 1471 2716 1753 door 't verkiesen van de E: gualter Zeeman, tot
517 1660 2712 1902 Cadoocaet fiscael van jndia jnden genmelten raadt is
620 1776 1586 2026 komen open te vallenin
541 1960 2727 2311 gedelibereert zijnde op de zaacken van Javas oost,
27 2127 578 2312 Consideratien offde
42 2260 560 2395 sancken van Tolvas
616 2198 2821 2415 cust, alwaer de verwerringen hoe langer hoe groter
31 2335 418 2486 oostcustf
618 2332 2682 2555 worden, ende na ’t sigh laet aensien, de oorlogen
603 2473 2836 2749 staen uijt te bersten, tot een vroeder krijgh tusschen
608 2645 2756 2866 de vier zoonen, van den overleden Poulouhounangh
632 2777 2746 2989 Matarans, soo is goetgevonden na de H:r Admirael
618 2954 2860 3173 Cornelis man &:a aftezenden de nieuwe Chaloup.
551 3108 2595 3347 den Orangtboom, ende daer mede een brieffjen
599 3220 2784 3481 ’t welck door de E: H:r Directeur generael Rijckloff
591 3395 2817 3614 van goens, jngestelt zijnde, nu oock bijde vergadering
598 3602 2679 3805 is na gelesen, ende geapprobeert, behelsende ten
587 3691 2809 3898 principalen, eenige consideratien op de voorn:e ver„
607 3902 2870 4068 vallen saecken, alsmede verscheijde redenen waerom
587 4077 2786 4252 wij voor als nogh, ende tot nader bekomen advijs,
2433 4225 2656 4346 niet
