2906 4753
114 70 235 257 29
126 216 313 358 20
656 269 1928 523 suthandet van Maduren de
2401 331 2564 476 d
649 469 2661 696 Cutecurin, geen ondere fortificatien te malen, dan
653 648 2750 808 eenlijck het quantier vande Paruas, waer p mede
643 783 2855 990 Comp:e Logie begrepen is, te verstercken ope ommingelen„
655 949 2632 1141 met een graght van 24 voeden, wijde, en eenige
661 1107 2642 1330 odige vetrijck weren, van paelwerck, alleen om
650 1261 2572 1477 degen vebruijckrovens, en ndere geweldenaers
657 1407 2601 1617 konnen dienen, ende mits dat de jnwoonders.
672 1598 2586 1832 wiens beschermingt zulx val precken, sullen
666 1742 2630 1909 moeten draegen, de onbosten van maken en
659 1908 2770 2127 repareren, dogh dat de besaagingh, en bedaln—
665 2092 2808 2288 vande vereijschte Oorlogs gereedschappen zullen komen
677 2227 1797 2414 tot laste vande EComp„e
808 2531 2790 2785 Dren de prorintien dogen ende sonderijen
669 2733 2744 2972 die de Comp:e op Ceijlon, in besit heeft, geen ner
672 2862 2832 3099 na ons e trecken, oock selve niet jnde leven Corlis,
659 3022 2767 3276 en generglijck de saacken daer na de sicken met
665 3210 2568 3393 alleen om Ragia singe, niet de vervoornen
671 3373 2808 3589 maer oock om alle glegenthedin waer te nemen
666 3516 2763 3760 naer door men sijn gunst, en genegenheijd zoude
672 3696 1415 3891 konnen winnen,
2236 3893 2488 4074 het
