<?xml version="1.0" encoding="UTF-8" standalone="yes"?>
<PcGts xmlns="http://schema.primaresearch.org/PAGE/gts/pagecontent/2013-07-15" xmlns:xsi="http://www.w3.org/2001/XMLSchema-instance" xsi:schemaLocation="http://schema.primaresearch.org/PAGE/gts/pagecontent/2013-07-15 http://schema.primaresearch.org/PAGE/gts/pagecontent/2013-07-15/pagecontent.xsd">
    <Metadata>
        <Creator>prov=University of Rostock/Institute of Mathematics/CITlab|PLANET AI GmbH/Gundram Leifert/gundram.leifert@planet-ai.de:name=IJsberg(htr_id=20209)::::v=2.6.6
prov=University of Rostock/Institute of Mathematics/CITlab|PLANET AI GmbH/Tobias Gruening/tobias.gruening@planet-ai.de:name=de.uros.citlab.module.baseline2polygon.B2PSeamMultiOriented:v=2.6.6
prov=University of Rostock/Institute of Mathematics/CITlab|PLANET AI GmbH/Tobias Gruening/tobias.gruening@planet-ai.de:name=/net_tf/LA73_249_0mod360.pb:de.uros.citlab.segmentation.CITlab_LA_ML:v=2.6.6
Transkribus</Creator>
        <Created>2020-09-07T11:01:10.841+07:00</Created>
        <LastChange>2020-09-07T10:27:35.653+02:00</LastChange>
        <TranskribusMetadata docId="471693" pageId="19517067" pageNr="155" tsid="39405053" status="IN_PROGRESS" userId="15017" imgUrl="https://files.transkribus.eu/Get?id=MLLXHTCISZDCLWHBCWZPSISM&amp;fileType=view" xmlUrl="https://files.transkribus.eu/Get?id=ADWTAWNMPGDVDHIHTOIRANLU" imageId="15084028"/>
    </Metadata>
    <Page imageFilename="ID-ANRI_K66a_889_155.jpg" imageWidth="2921" imageHeight="4722">
        <ReadingOrder>
            <OrderedGroup id="ro_1620455896785" caption="Regions reading order">
                <RegionRefIndexed index="0" regionRef="r1"/>
            </OrderedGroup>
        </ReadingOrder>
        <TextRegion orientation="0.0" id="r1" custom="readingOrder {index:0;}">
            <Coords points="17,19 17,4623 2909,4623 2909,19"/>
            <TextLine id="r1l1" custom="readingOrder {index:0;}">
                <Coords points="993,108 1007,108 1027,97 1042,104 1054,92 1059,96 1085,93 1097,100 1125,95 1128,14 1111,14 1089,-10 1077,-10 1063,-20 1051,-11 1040,-12 1012,-41 998,-42"/>
                <Baseline points="1007,74 1033,74 1059,75 1085,76 1112,77"/>
                <TextEquiv>
                    <Unicode>p</Unicode>
                </TextEquiv>
            </TextLine>
            <TextLine id="r1l2" custom="readingOrder {index:1;}">
                <Coords points="2622,160 2659,157 2694,173 2748,152 2763,155 2771,146 2814,142 2813,68 2778,65 2750,83 2729,66 2707,78 2675,64 2666,73 2620,71"/>
                <Baseline points="2637,143 2664,143 2691,143 2719,146 2746,146 2773,143 2801,135"/>
                <TextEquiv>
                    <Unicode>155</Unicode>
                </TextEquiv>
            </TextLine>
            <TextLine id="r1l3" custom="readingOrder {index:2;}">
                <Coords points="2611,333 2640,340 2677,331 2707,349 2724,339 2742,349 2785,311 2801,324 2855,319 2847,219 2821,215 2807,225 2786,212 2763,220 2715,192 2654,223 2602,224"/>
                <Baseline points="2625,318 2652,322 2679,323 2706,321 2733,319 2760,315 2787,311 2814,308 2841,306"/>
                <TextEquiv>
                    <Unicode>155.</Unicode>
                </TextEquiv>
            </TextLine>
            <TextLine id="r1l4" custom="readingOrder {index:3;}">
                <Coords points="2,377 287,456 2331,487 2334,381 1865,279 1118,252 912,372 699,276 8,208"/>
                <Baseline points="17,374 132,384 247,394 362,401 477,408 592,413 707,417 822,420 937,423 1052,426 1167,428 1282,429 1397,432 1512,434 1627,437 1742,440 1857,444 1972,449 2087,455 2202,462 2318,471"/>
                <TextEquiv>
                    <Unicode>dogh dewijl onse presentie als dan te niet en vande</Unicode>
                </TextEquiv>
            </TextLine>
            <TextLine id="r1l5" custom="readingOrder {index:4;}">
                <Coords points="160,535 351,594 1791,589 1995,665 2328,628 2333,487 1546,503 1442,421 1241,492 857,438 637,491 478,422 162,472"/>
                <Baseline points="173,536 280,536 387,536 494,537 601,538 708,540 815,543 922,546 1029,549 1136,553 1244,557 1351,561 1458,566 1565,570 1672,576 1779,581 1886,585 1993,590 2100,595 2207,599 2315,603"/>
                <TextEquiv>
                    <Unicode>restoutie der gemelte penningen, geen verwaghtinge</Unicode>
                </TextEquiv>
            </TextLine>
            <TextLine id="r1l6" custom="readingOrder {index:5;}">
                <Coords points="125,702 985,677 1071,753 1214,692 2088,809 2254,698 1748,597 1596,664 1236,566 403,600 132,532"/>
                <Baseline points="143,657 247,658 352,660 457,662 561,665 666,668 771,672 875,675 980,680 1085,684 1190,689 1294,693 1399,698 1504,702 1608,707 1713,711 1818,716 1922,720 2027,725 2132,728 2237,731"/>
                <TextEquiv>
                    <Unicode>soude wesen, soo is verstaen voor als nogh bij onse</Unicode>
                </TextEquiv>
            </TextLine>
            <TextLine id="r1l7" custom="readingOrder {index:6;}">
                <Coords points="144,822 2209,899 2278,896 2285,749 1795,814 1494,710 1365,774 1181,690 1083,752 919,681 787,750 150,695"/>
                <Baseline points="161,791 266,792 371,794 476,797 581,799 686,803 791,807 897,813 1002,818 1107,822 1212,828 1317,834 1422,839 1527,846 1633,851 1738,856 1843,861 1948,866 2053,870 2158,873 2264,876"/>
                <TextEquiv>
                    <Unicode>voor desen gegeven ordre te persisteren, naementljk</Unicode>
                </TextEquiv>
            </TextLine>
            <TextLine id="r1l8" custom="readingOrder {index:7;}">
                <Coords points="60,925 1911,1001 2137,1090 2250,1026 2257,885 1692,951 1196,835 917,891 791,815 215,863 65,804"/>
                <Baseline points="74,909 182,914 290,919 398,924 506,928 614,933 722,938 831,942 939,948 1047,953 1155,957 1263,963 1371,968 1479,974 1588,980 1696,984 1804,989 1912,996 2020,1001 2128,1007 2237,1013"/>
                <TextEquiv>
                    <Unicode>dat de ieer gemelte affvingingh, van gelt benevens</Unicode>
                </TextEquiv>
            </TextLine>
            <TextLine id="r1l9" custom="readingOrder {index:8;}">
                <Coords points="2315,986 2362,971 2481,1011 2587,978 2687,985 2772,1030 2819,994 2851,996 2854,915 2745,919 2651,825 2573,839 2465,921 2321,871"/>
                <Baseline points="2331,962 2356,963 2381,963 2407,964 2432,965 2457,965 2483,967 2508,968 2533,969 2559,971 2584,972 2609,973 2635,974 2660,976 2685,977 2711,978 2736,979 2761,980 2787,981 2812,981 2838,983"/>
                <TextEquiv>
                    <Unicode>geen afstandt van</Unicode>
                </TextEquiv>
            </TextLine>
            <TextLine id="r1l10" custom="readingOrder {index:9;}">
                <Coords points="2296,1046 2376,1066 2411,1050 2441,1084 2515,1054 2662,1056 2709,1085 2779,1063 2890,1102 2922,1095 2927,997 2852,1010 2827,991 2764,1028 2660,990 2618,1014 2588,989 2480,1011 2299,995"/>
                <Baseline points="2312,1035 2341,1036 2371,1039 2401,1040 2431,1042 2461,1044 2491,1045 2520,1047 2550,1049 2580,1051 2610,1053 2640,1055 2670,1056 2700,1058 2729,1061 2759,1061 2789,1063 2819,1064 2849,1067 2879,1068 2909,1070"/>
                <TextEquiv>
                    <Unicode>onse pretentie te doen</Unicode>
                </TextEquiv>
            </TextLine>
            <TextLine id="r1l11" custom="readingOrder {index:10;}">
                <Coords points="180,1078 975,1082 1225,1150 1593,1104 2077,1221 2196,1200 2202,1097 2060,1102 1941,1012 1256,1056 1070,963 981,1011 186,954"/>
                <Baseline points="195,1043 294,1047 394,1053 493,1058 593,1062 692,1068 792,1073 891,1078 991,1083 1090,1088 1190,1094 1290,1098 1389,1103 1489,1107 1588,1112 1688,1118 1787,1122 1887,1127 1986,1131 2086,1136 2186,1140"/>
                <TextEquiv>
                    <Unicode>andere overlasten, ongeljcken, en verhinderingen</Unicode>
                </TextEquiv>
            </TextLine>
            <TextLine id="r1l12" custom="readingOrder {index:11;}">
                <Coords points="2302,1138 2651,1137 2782,1175 2818,1151 2873,1199 2920,1184 2924,1095 2907,1091 2568,1058 2480,1106 2306,1063"/>
                <Baseline points="2318,1113 2347,1117 2376,1120 2406,1122 2435,1125 2465,1127 2494,1130 2524,1131 2553,1133 2583,1134 2612,1135 2641,1136 2671,1137 2700,1137 2730,1139 2759,1140 2789,1140 2818,1142 2848,1143 2877,1143 2907,1145"/>
                <TextEquiv>
                    <Unicode>inder sulx den Groot</Unicode>
                </TextEquiv>
            </TextLine>
            <TextLine id="r1l13" custom="readingOrder {index:12;}">
                <Coords points="2296,1219 2372,1247 2508,1198 2596,1264 2683,1254 2774,1274 2839,1249 2844,1160 2819,1153 2737,1171 2676,1141 2532,1139 2458,1169 2395,1156 2354,1122 2301,1139"/>
                <Baseline points="2312,1191 2337,1194 2363,1196 2388,1198 2414,1201 2440,1202 2465,1205 2491,1207 2517,1209 2542,1211 2568,1212 2594,1214 2619,1215 2645,1217 2671,1218 2696,1218 2722,1220 2748,1220 2773,1221 2799,1221 2825,1221"/>
                <TextEquiv>
                    <Unicode>Mogol bekent/ te</Unicode>
                </TextEquiv>
            </TextLine>
            <TextLine id="r1l14" custom="readingOrder {index:13;}">
                <Coords points="99,1200 2056,1302 2183,1279 2187,1210 1784,1133 1625,1201 1466,1109 1273,1167 916,1098 792,1161 675,1083 392,1154 263,1070 104,1082"/>
                <Baseline points="113,1176 215,1181 318,1185 421,1190 524,1194 626,1199 729,1203 832,1208 935,1212 1037,1216 1140,1221 1243,1226 1346,1230 1448,1235 1551,1241 1654,1245 1757,1252 1859,1257 1962,1263 2065,1271 2168,1277"/>
                <TextEquiv>
                    <Unicode>aenden grooten Wlogol zal werden voorgedragen</Unicode>
                </TextEquiv>
            </TextLine>
            <TextLine id="r1l15" custom="readingOrder {index:14;}">
                <Coords points="2178,1346 2192,1348 2204,1341 2215,1351 2233,1341 2253,1344 2258,1350 2265,1345 2279,1347 2293,1236 2279,1234 2273,1239 2247,1215 2219,1226 2194,1217"/>
                <Baseline points="2202,1268 2237,1272 2273,1277"/>
                <TextEquiv>
                    <Unicode></Unicode>
                </TextEquiv>
            </TextLine>
            <TextLine id="r1l16" custom="readingOrder {index:15;}">
                <Coords points="2308,1291 2352,1283 2410,1311 2426,1301 2456,1315 2480,1305 2513,1323 2551,1323 2575,1310 2621,1308 2625,1265 2593,1263 2543,1238 2509,1198 2454,1237 2440,1230 2381,1251 2351,1231 2313,1234"/>
                <Baseline points="2325,1274 2350,1276 2376,1279 2401,1282 2427,1284 2453,1285 2478,1287 2504,1289 2530,1291 2555,1293 2581,1296 2607,1298"/>
                <TextEquiv>
                    <Unicode>maken.</Unicode>
                </TextEquiv>
            </TextLine>
            <TextLine id="r1l17" custom="readingOrder {index:16;}">
                <Coords points="138,1340 1665,1383 1808,1468 2010,1402 2269,1480 2274,1354 1881,1261 1585,1247 1409,1326 1277,1242 884,1270 573,1198 142,1257"/>
                <Baseline points="155,1310 260,1316 365,1320 470,1326 575,1331 680,1335 785,1341 891,1346 996,1351 1101,1355 1206,1360 1311,1365 1416,1370 1521,1374 1627,1379 1732,1383 1837,1388 1942,1393 2047,1398 2152,1401 2258,1406"/>
                <TextEquiv>
                    <Unicode>ende geremonsireert; ende daer op dan afgewaght</Unicode>
                </TextEquiv>
            </TextLine>
            <TextLine id="r1l18" custom="readingOrder {index:17;}">
                <Coords points="126,1475 763,1475 949,1564 1183,1482 2099,1547 2103,1466 1932,1415 1725,1475 1464,1377 758,1328 363,1408 132,1340"/>
                <Baseline points="143,1445 240,1449 337,1452 434,1456 531,1460 628,1463 725,1467 822,1470 919,1474 1016,1478 1113,1482 1210,1487 1307,1491 1404,1496 1501,1500 1598,1505 1695,1511 1792,1517 1889,1523 1986,1529 2084,1536"/>
                <TextEquiv>
                    <Unicode>hoedanigh sigh de zaecken sullen willen schicken</Unicode>
                </TextEquiv>
            </TextLine>
            <TextLine id="r1l19" custom="readingOrder {index:18;}">
                <Coords points="120,1613 2162,1678 2077,1596 1624,1609 1347,1503 1085,1493 952,1576 769,1478 559,1537 127,1470"/>
                <Baseline points="137,1574 237,1578 338,1583 438,1588 539,1593 639,1598 740,1602 840,1607 941,1611 1041,1617 1142,1621 1243,1626 1343,1631 1444,1636 1544,1641 1645,1646 1745,1651 1846,1656 1946,1662 2047,1667 2148,1673"/>
                <TextEquiv>
                    <Unicode>ende toedragen; maer alsoo hier door oock soude</Unicode>
                </TextEquiv>
            </TextLine>
            <TextLine id="r1l20" custom="readingOrder {index:19;}">
                <Coords points="131,1763 1010,1755 1377,1856 1640,1773 2017,1859 2243,1824 2247,1729 2110,1769 1735,1653 1410,1647 1285,1730 1111,1627 138,1628"/>
                <Baseline points="147,1718 251,1723 355,1727 459,1731 563,1736 667,1740 771,1745 875,1749 979,1754 1083,1758 1187,1762 1291,1767 1395,1772 1499,1777 1603,1782 1707,1787 1811,1792 1915,1798 2019,1805 2123,1811 2228,1818"/>
                <TextEquiv>
                    <Unicode>konnen worden veroorsaeckt, dat denselven 1labab„</Unicode>
                </TextEquiv>
            </TextLine>
            <TextLine id="r1l21" custom="readingOrder {index:20;}">
                <Coords points="133,1862 1128,1903 1211,1968 1343,1922 1464,1994 1645,1928 1970,2009 2317,1977 2321,1891 2143,1819 1977,1866 1778,1804 1642,1882 1222,1862 1005,1753 888,1808 138,1767"/>
                <Baseline points="149,1851 256,1857 364,1863 472,1868 579,1874 687,1879 795,1884 902,1890 1010,1895 1118,1900 1226,1904 1333,1910 1441,1914 1549,1920 1656,1925 1764,1929 1872,1934 1979,1939 2087,1946 2195,1950 2303,1956"/>
                <TextEquiv>
                    <Unicode>ons niet alleen jnt geheel quam te beletten den gemelten</Unicode>
                </TextEquiv>
            </TextLine>
            <TextLine id="r1l22" custom="readingOrder {index:21;}">
                <Coords points="139,2040 785,2022 997,2105 1185,2033 1466,2049 1546,2131 1754,2049 2074,2116 2147,2096 2154,1952 1977,2028 1073,1901 145,1900"/>
                <Baseline points="155,1980 253,1986 352,1991 451,1995 550,2001 649,2005 748,2010 846,2015 945,2019 1044,2024 1143,2028 1242,2033 1341,2037 1440,2042 1538,2047 1637,2051 1736,2057 1835,2061 1934,2066 2033,2072 2132,2078"/>
                <TextEquiv>
                    <Unicode>jmportanten bengaelsen handel, die wij (selfs maer</Unicode>
                </TextEquiv>
            </TextLine>
            <TextLine id="r1l23" custom="readingOrder {index:22;}">
                <Coords points="2290,2074 2511,2076 2597,2103 2837,2085 2841,1953 2775,1965 2727,1937 2599,1962 2542,1945 2437,1993 2293,1991"/>
                <Baseline points="2304,2064 2331,2066 2358,2067 2385,2067 2413,2069 2440,2070 2467,2070 2495,2073 2522,2073 2549,2075 2577,2076 2604,2077 2631,2078 2659,2079 2686,2079 2713,2081 2741,2081 2768,2081 2795,2081 2823,2081"/>
                <TextEquiv>
                    <Unicode>’t en waere ons den</Unicode>
                </TextEquiv>
            </TextLine>
            <TextLine id="r1l24" custom="readingOrder {index:23;}">
                <Coords points="2272,2161 2330,2152 2380,2192 2412,2176 2440,2195 2519,2172 2573,2186 2606,2162 2695,2163 2720,2185 2758,2169 2808,2212 2869,2218 2876,2062 2811,2091 2691,2083 2646,2103 2506,2082 2439,2097 2406,2072 2276,2080"/>
                <Baseline points="2288,2138 2316,2139 2345,2140 2373,2142 2402,2144 2430,2145 2459,2146 2487,2148 2516,2150 2544,2150 2573,2153 2601,2153 2630,2154 2658,2157 2687,2157 2715,2159 2744,2160 2772,2161 2801,2162 2829,2163 2858,2163"/>
                <TextEquiv>
                    <Unicode>handel wierde belet„</Unicode>
                </TextEquiv>
            </TextLine>
            <TextLine id="r1l25" custom="readingOrder {index:24;}">
                <Coords points="133,2103 2138,2230 2140,2115 1546,2131 1463,2052 1185,2031 980,2111 782,2032 575,2086 386,2000 135,2072"/>
                <Baseline points="147,2109 251,2115 355,2120 459,2126 563,2132 667,2136 771,2141 876,2145 980,2150 1084,2154 1188,2159 1292,2165 1396,2168 1501,2174 1605,2178 1709,2183 1813,2187 1917,2193 2021,2198 2126,2204"/>
                <TextEquiv>
                    <Unicode>voor eenige maenden:) niet dan tot groote schaade</Unicode>
                </TextEquiv>
            </TextLine>
            <TextLine id="r1l26" custom="readingOrder {index:25;}">
                <Coords points="141,2277 1560,2305 1737,2391 2069,2329 2071,2275 1870,2210 1623,2253 1542,2189 1286,2188 1085,2245 958,2172 797,2234 685,2159 147,2142"/>
                <Baseline points="158,2237 252,2241 347,2246 442,2250 537,2255 632,2260 726,2265 821,2270 916,2275 1011,2280 1106,2285 1200,2289 1295,2294 1390,2298 1485,2303 1580,2307 1674,2312 1769,2315 1864,2318 1959,2322 2054,2325"/>
                <TextEquiv>
                    <Unicode>konnen derven, maer oock te versinderen den</Unicode>
                </TextEquiv>
            </TextLine>
            <TextLine id="r1l27" custom="readingOrder {index:26;}">
                <Coords points="2055,2342 2075,2342 2078,2339 2083,2342 2103,2342 2103,2296 2083,2296 2078,2302 2072,2299 2069,2302 2055,2302"/>
                <Baseline points="2069,2327 2090,2327"/>
                <TextEquiv>
                    <Unicode>—</Unicode>
                </TextEquiv>
            </TextLine>
            <TextLine id="r1l28" custom="readingOrder {index:27;}">
                <Coords points="128,2435 1370,2431 1508,2501 1640,2441 1981,2538 2135,2508 2144,2333 1738,2391 1557,2307 1148,2374 836,2281 682,2355 136,2279"/>
                <Baseline points="147,2369 245,2373 344,2380 443,2385 542,2390 641,2396 739,2400 838,2406 937,2410 1036,2415 1135,2419 1233,2424 1332,2428 1431,2433 1530,2437 1629,2441 1727,2447 1826,2451 1925,2456 2024,2460 2123,2465"/>
                <TextEquiv>
                    <Unicode>uijtvoer van rijs, om welck graen, wij als nu seer</Unicode>
                </TextEquiv>
            </TextLine>
            <TextLine id="r1l29" custom="readingOrder {index:28;}">
                <Coords points="2249,2496 2332,2461 2370,2495 2504,2468 2557,2503 2625,2473 2790,2515 2854,2502 2858,2433 2800,2441 2723,2375 2634,2381 2535,2306 2362,2385 2258,2352"/>
                <Baseline points="2267,2454 2295,2456 2324,2457 2353,2459 2381,2461 2410,2463 2439,2463 2467,2466 2496,2467 2525,2470 2554,2471 2582,2473 2611,2475 2640,2477 2668,2479 2697,2481 2726,2483 2754,2484 2783,2486 2812,2487 2841,2489"/>
                <TextEquiv>
                    <Unicode>ende den uijtvoer van</Unicode>
                </TextEquiv>
            </TextLine>
            <TextLine id="r1l30" custom="readingOrder {index:29;}">
                <Coords points="2252,2582 2410,2544 2514,2553 2574,2598 2623,2561 2634,2573 2703,2563 2708,2488 2653,2496 2629,2472 2555,2501 2505,2469 2440,2497 2382,2487 2356,2456 2258,2490"/>
                <Baseline points="2270,2529 2296,2529 2322,2529 2348,2531 2375,2532 2401,2534 2427,2535 2453,2538 2480,2540 2506,2541 2532,2544 2558,2546 2585,2548 2611,2549 2637,2550 2663,2552 2690,2553"/>
                <TextEquiv>
                    <Unicode>afs verhindert</Unicode>
                </TextEquiv>
            </TextLine>
            <TextLine id="r1l31" custom="readingOrder {index:30;}">
                <Coords points="132,2512 391,2590 1003,2545 1227,2625 1963,2588 2230,2681 2234,2462 1956,2548 1642,2442 1512,2502 1368,2435 1124,2493 1011,2433 136,2431"/>
                <Baseline points="146,2511 249,2517 353,2521 456,2526 560,2531 664,2535 767,2540 871,2544 975,2549 1078,2553 1182,2558 1286,2563 1389,2568 1493,2572 1597,2577 1700,2582 1804,2586 1908,2591 2011,2595 2115,2601 2219,2606"/>
                <TextEquiv>
                    <Unicode>benodight zijn: soo is oock goetgevonden, de Heer</Unicode>
                </TextEquiv>
            </TextLine>
            <TextLine id="r1l32" custom="readingOrder {index:31;}">
                <Coords points="142,2675 1221,2695 1495,2797 2187,2744 1894,2589 1303,2659 1006,2543 729,2614 149,2516"/>
                <Baseline points="156,2654 256,2655 357,2658 458,2662 559,2666 659,2670 760,2674 861,2679 962,2684 1062,2688 1163,2694 1264,2699 1365,2705 1465,2709 1566,2715 1667,2721 1768,2726 1868,2731 1969,2736 2070,2741 2171,2745"/>
                <TextEquiv>
                    <Unicode>Directeur Willem volger bij secrete memorie</Unicode>
                </TextEquiv>
            </TextLine>
            <TextLine id="r1l33" custom="readingOrder {index:32;}">
                <Coords points="2192,2878 2269,2836 2334,2857 2421,2798 2516,2858 2615,2825 2892,2880 2899,2745 2873,2752 2815,2700 2683,2737 2625,2690 2326,2730 2202,2677"/>
                <Baseline points="2211,2789 2244,2793 2277,2798 2311,2801 2344,2804 2378,2806 2411,2808 2444,2810 2478,2811 2511,2812 2545,2813 2578,2814 2611,2816 2645,2817 2678,2819 2712,2820 2745,2822 2778,2823 2812,2826 2845,2829 2879,2832"/>
                <TextEquiv>
                    <Unicode>E: H:r volgenseerend</Unicode>
                </TextEquiv>
            </TextLine>
            <TextLine id="r1l34" custom="readingOrder {index:33;}">
                <Coords points="114,2824 1057,2809 1232,2882 1600,2830 2141,2914 2187,2781 1316,2738 1227,2789 1041,2684 702,2754 489,2668 265,2740 119,2697"/>
                <Baseline points="131,2783 232,2785 334,2787 436,2790 538,2794 640,2798 742,2801 843,2805 945,2808 1047,2813 1149,2816 1251,2821 1353,2825 1455,2829 1556,2834 1658,2838 1760,2843 1862,2847 1964,2851 2066,2855 2168,2859"/>
                <TextEquiv>
                    <Unicode>te authoriseren, om als dan liever bij schriftelijcke</Unicode>
                </TextEquiv>
            </TextLine>
            <TextLine id="r1l35" custom="readingOrder {index:34;}">
                <Coords points="2242,2883 2475,2898 2557,2925 2697,2899 2811,2922 2814,2861 2684,2859 2622,2824 2517,2857 2469,2826 2399,2861 2244,2842"/>
                <Baseline points="2258,2879 2284,2881 2311,2882 2338,2883 2365,2885 2392,2887 2419,2888 2446,2889 2473,2891 2500,2892 2527,2892 2553,2894 2580,2895 2607,2896 2634,2897 2661,2898 2688,2900 2715,2900 2742,2901 2769,2901 2796,2903"/>
                <TextEquiv>
                    <Unicode>te authoriseren om</Unicode>
                </TextEquiv>
            </TextLine>
            <TextLine id="r1l36" custom="readingOrder {index:35;}">
                <Coords points="106,2947 1232,2937 1677,2977 1766,3053 2134,2998 2138,2909 1840,2935 1694,2848 1553,2918 1007,2816 820,2886 561,2795 111,2826"/>
                <Baseline points="123,2906 222,2909 322,2913 422,2916 522,2921 622,2924 722,2928 822,2931 922,2936 1022,2940 1122,2943 1221,2948 1321,2952 1421,2955 1521,2960 1621,2964 1721,2967 1821,2972 1921,2976 2021,2979 2121,2984"/>
                <TextEquiv>
                    <Unicode>acte afstandt van gemelte 196 C ro/a te mogen</Unicode>
                </TextEquiv>
            </TextLine>
            <TextLine id="r1l37" custom="readingOrder {index:36;}">
                <Coords points="2178,2952 2424,2977 2463,2956 2677,2995 2715,2974 2802,3019 2883,3024 2886,2955 2771,2905 2539,2938 2183,2860"/>
                <Baseline points="2193,2943 2226,2949 2260,2953 2294,2957 2328,2961 2362,2963 2396,2966 2430,2967 2464,2969 2498,2970 2532,2972 2565,2973 2599,2974 2633,2975 2667,2976 2701,2978 2735,2980 2769,2982 2803,2985 2837,2988 2871,2993"/>
                <TextEquiv>
                    <Unicode>deselve presentie als„</Unicode>
                </TextEquiv>
            </TextLine>
            <TextLine id="r1l38" custom="readingOrder {index:37;}">
                <Coords points="2230,3045 2477,3066 2556,3050 2594,3079 2645,3058 2718,3092 2825,3075 2828,3023 2785,3024 2713,2979 2541,3012 2469,2956 2331,3005 2281,2962 2236,2956"/>
                <Baseline points="2246,3021 2274,3027 2302,3031 2330,3034 2359,3038 2387,3040 2415,3042 2443,3044 2472,3046 2500,3047 2528,3048 2556,3050 2585,3051 2613,3051 2641,3053 2669,3054 2698,3056 2726,3057 2754,3058 2782,3060 2811,3062"/>
                <TextEquiv>
                    <Unicode>dan liever te laten</Unicode>
                </TextEquiv>
            </TextLine>
            <TextLine id="r1l39" custom="readingOrder {index:38;}">
                <Coords points="43,3066 809,3060 1160,3152 1300,3085 1697,3098 2169,3195 2176,3017 2039,2977 1854,3076 1693,2980 1543,3061 1285,2969 690,3020 567,2932 437,3010 48,2939"/>
                <Baseline points="57,3036 162,3041 267,3045 372,3048 477,3053 582,3057 687,3060 792,3065 897,3068 1002,3072 1107,3077 1212,3080 1317,3085 1422,3089 1527,3093 1632,3098 1737,3103 1842,3108 1947,3113 2052,3118 2157,3125"/>
                <TextEquiv>
                    <Unicode>doen, 't welck wij willen hopen, van geen nadeligh</Unicode>
                </TextEquiv>
            </TextLine>
            <TextLine id="r1l40" custom="readingOrder {index:39;}">
                <Coords points="2256,3122 2285,3121 2304,3137 2336,3125 2381,3149 2417,3131 2444,3145 2497,3137 2541,3163 2628,3158 2633,3087 2539,3077 2512,3054 2435,3075 2365,3049 2285,3075 2259,3070"/>
                <Baseline points="2271,3113 2297,3115 2323,3117 2350,3120 2376,3121 2403,3123 2429,3125 2456,3127 2482,3129 2509,3131 2535,3133 2562,3135 2588,3137 2615,3138"/>
                <TextEquiv>
                    <Unicode>vaeren.</Unicode>
                </TextEquiv>
            </TextLine>
            <TextLine id="r1l41" custom="readingOrder {index:40;}">
                <Coords points="31,3220 586,3165 2193,3307 2304,3262 2309,3127 2007,3191 1420,3095 1196,3161 946,3083 788,3150 638,3066 35,3108"/>
                <Baseline points="48,3164 160,3168 272,3172 384,3177 496,3180 608,3185 720,3188 833,3191 945,3195 1057,3198 1169,3203 1281,3206 1393,3210 1505,3215 1618,3219 1730,3223 1842,3227 1954,3232 2066,3237 2178,3243 2291,3248"/>
                <TextEquiv>
                    <Unicode>gevolgh te sullen wesen, noghte dat de mooren daer.</Unicode>
                </TextEquiv>
            </TextLine>
            <TextLine id="r1l42" custom="readingOrder {index:41;}">
                <Coords points="24,3317 1690,3345 2036,3419 2095,3283 1714,3216 1573,3295 1273,3236 1142,3287 584,3165 455,3253 27,3220"/>
                <Baseline points="39,3297 141,3300 243,3303 345,3306 447,3308 549,3311 651,3314 753,3317 855,3318 957,3321 1059,3324 1161,3327 1263,3330 1365,3334 1467,3338 1569,3341 1671,3346 1773,3351 1875,3356 1977,3360 2079,3366"/>
                <TextEquiv>
                    <Unicode>dogr te verwaendert, en stouter sullen worden</Unicode>
                </TextEquiv>
            </TextLine>
            <TextLine id="r1l43" custom="readingOrder {index:42;}">
                <Coords points="79,3443 985,3466 1112,3543 1741,3491 1857,3569 2072,3504 2188,3580 2383,3512 2308,3431 1829,3439 1691,3345 1570,3436 1208,3341 81,3362"/>
                <Baseline points="93,3431 206,3435 320,3438 434,3441 548,3444 662,3447 775,3451 889,3455 1003,3458 1117,3461 1231,3465 1344,3468 1458,3473 1572,3476 1686,3480 1800,3484 1913,3488 2027,3492 2141,3497 2255,3501 2369,3506"/>
                <TextEquiv>
                    <Unicode>de E: Comp:e onder gesingeerde, en onreghtveerdige</Unicode>
                </TextEquiv>
            </TextLine>
            <TextLine id="r1l44" custom="readingOrder {index:43;}">
                <Coords points="103,3617 758,3577 1073,3641 1380,3597 1658,3696 1773,3623 2327,3683 2332,3539 1818,3590 1591,3489 1085,3555 279,3445 108,3502"/>
                <Baseline points="120,3548 229,3556 339,3563 448,3570 558,3575 668,3581 777,3585 887,3588 997,3593 1106,3596 1216,3599 1326,3602 1435,3605 1545,3608 1655,3611 1764,3615 1874,3618 1984,3623 2093,3627 2203,3632 2313,3638"/>
                <TextEquiv>
                    <Unicode>pretentien te quellen, gelt afte perssen, en gevolghlijk</Unicode>
                </TextEquiv>
            </TextLine>
            <TextLine id="r1l45" custom="readingOrder {index:44;}">
                <Coords points="108,3709 1644,3745 1861,3810 2274,3771 2277,3682 935,3688 822,3627 679,3678 498,3571 111,3617"/>
                <Baseline points="123,3687 229,3692 336,3697 443,3702 550,3707 657,3711 764,3716 871,3719 978,3723 1085,3726 1192,3729 1298,3732 1405,3736 1512,3738 1619,3741 1726,3744 1833,3747 1940,3749 2047,3751 2154,3753 2261,3756"/>
                <TextEquiv>
                    <Unicode>te dvingen, om sodanige gewelden, soo wel jn suratte.</Unicode>
                </TextEquiv>
            </TextLine>
            <TextLine id="r1l46" custom="readingOrder {index:45;}">
                <Coords points="7,3846 1159,3852 1254,3933 1406,3859 1496,3940 2023,3946 2216,3928 2221,3761 1845,3826 1645,3745 1096,3730 726,3797 251,3697 10,3766"/>
                <Baseline points="24,3819 132,3821 241,3824 350,3825 459,3828 568,3831 677,3834 786,3837 895,3840 1004,3843 1113,3848 1221,3851 1330,3854 1439,3857 1548,3860 1657,3863 1766,3866 1875,3869 1984,3872 2093,3874 2202,3876"/>
                <TextEquiv>
                    <Unicode>als jn Bengale, met ernst, en fejtelijck tegen</Unicode>
                </TextEquiv>
            </TextLine>
            <TextLine id="r1l47" custom="readingOrder {index:46;}">
                <Coords points="105,3981 448,3966 521,4025 785,3967 1924,4081 2125,4000 2128,3920 1516,3960 1323,3876 953,3932 417,3829 108,3884"/>
                <Baseline points="119,3959 218,3959 318,3960 417,3960 517,3963 617,3965 716,3968 816,3971 915,3974 1015,3978 1115,3981 1214,3985 1314,3989 1413,3992 1513,3996 1613,3999 1712,4002 1812,4004 1911,4005 2011,4007 2111,4007"/>
                <TextEquiv>
                    <Unicode>te gaen, in welcken gevalle sodanigen acte bij ons</Unicode>
                </TextEquiv>
            </TextLine>
            <TextLine id="r1l48" custom="readingOrder {index:47;}">
                <Coords points="59,4104 2225,4159 2173,4074 1453,4005 792,4053 63,3995"/>
                <Baseline points="74,4086 180,4086 287,4086 394,4088 501,4089 608,4091 714,4094 821,4098 928,4101 1035,4106 1142,4110 1248,4113 1355,4118 1462,4122 1569,4127 1676,4131 1782,4134 1889,4137 1996,4140 2103,4142 2210,4143"/>
                <TextEquiv>
                    <Unicode>weder Cragsteloos, soude konnen werden gemaeckt</Unicode>
                </TextEquiv>
            </TextLine>
            <TextLine id="r1l49" custom="readingOrder {index:48;}">
                <Coords points="1950,4284 1996,4300 2030,4285 2065,4290 2085,4281 2120,4304 2131,4292 2197,4288 2217,4282 2216,4210 2173,4228 2162,4217 2121,4223 2084,4215 2043,4181 2014,4196 1971,4182 1948,4189"/>
                <Baseline points="1965,4275 1991,4275 2018,4277 2044,4279 2071,4280 2097,4280 2124,4280 2150,4277 2177,4273 2204,4265"/>
                <TextEquiv>
                    <Unicode>onder</Unicode>
                </TextEquiv>
            </TextLine>
            <TextLine id="r1l50" custom="readingOrder {index:49;}">
                <Coords points="1435,4518 1461,4512 1471,4499 1491,4497 1501,4487 1513,4486 1522,4493 1545,4488 1532,4382 1515,4381 1499,4398 1487,4390 1422,4404"/>
                <Baseline points="1445,4487 1473,4485 1501,4481 1529,4478"/>
                <TextEquiv>
                    <Unicode>1</Unicode>
                </TextEquiv>
            </TextLine>
            <TextLine id="r1l51" custom="readingOrder {index:50;}">
                <Coords points="1764,4598 1827,4601 1827,4489 1813,4489 1807,4495 1793,4492 1787,4498 1764,4495"/>
                <Baseline points="1779,4596 1812,4596"/>
                <TextEquiv>
                    <Unicode></Unicode>
                </TextEquiv>
            </TextLine>
            <TextEquiv>
                <Unicode>p
155
155.
dogh dewijl onse presentie als dan te niet en vande
restoutie der gemelte penningen, geen verwaghtinge
soude wesen, soo is verstaen voor als nogh bij onse
voor desen gegeven ordre te persisteren, naementljk
dat de ieer gemelte affvingingh, van gelt benevens
geen afstandt van
onse pretentie te doen
andere overlasten, ongeljcken, en verhinderingen
inder sulx den Groot
Mogol bekent/ te
aenden grooten Wlogol zal werden voorgedragen

maken.
ende geremonsireert; ende daer op dan afgewaght
hoedanigh sigh de zaecken sullen willen schicken
ende toedragen; maer alsoo hier door oock soude
konnen worden veroorsaeckt, dat denselven 1labab„
ons niet alleen jnt geheel quam te beletten den gemelten
jmportanten bengaelsen handel, die wij (selfs maer
’t en waere ons den
handel wierde belet„
voor eenige maenden:) niet dan tot groote schaade
konnen derven, maer oock te versinderen den
—
uijtvoer van rijs, om welck graen, wij als nu seer
ende den uijtvoer van
afs verhindert
benodight zijn: soo is oock goetgevonden, de Heer
Directeur Willem volger bij secrete memorie
E: H:r volgenseerend
te authoriseren, om als dan liever bij schriftelijcke
te authoriseren om
acte afstandt van gemelte 196 C ro/a te mogen
deselve presentie als„
dan liever te laten
doen, 't welck wij willen hopen, van geen nadeligh
vaeren.
gevolgh te sullen wesen, noghte dat de mooren daer.
dogr te verwaendert, en stouter sullen worden
de E: Comp:e onder gesingeerde, en onreghtveerdige
pretentien te quellen, gelt afte perssen, en gevolghlijk
te dvingen, om sodanige gewelden, soo wel jn suratte.
als jn Bengale, met ernst, en fejtelijck tegen
te gaen, in welcken gevalle sodanigen acte bij ons
weder Cragsteloos, soude konnen werden gemaeckt
onder
1
</Unicode>
            </TextEquiv>
        </TextRegion>
    </Page>
</PcGts>
