3003 4774
122 68 278 204 240
119 114 357 366 240
554 77 2790 554 Dijnsdagh 12:' October A„o 1675:
792 650 2859 976 Den Coopman Rombour Leser: als nu bij geschefte
29 781 627 956 t geen den Coopman
10 897 632 1039 Rombout Eeser wert
664 802 2750 1103 versoeck doende dat hij wegens het gene hem doort
51 1001 2778 1193 te laste gelegtt d de H:r Ext:s raad van India, en Commissaris willem
43 1086 700 1241 jussitie te laten Examin:
42 1171 418 1339 en eso
630 1192 2811 1409 volgen. is te laste geleght ende waer van bij vorige
660 1281 2746 1544 resolutier van dato 13:' en 20:e Iulij staet gemelt
649 1409 2748 1693 iomaecqung de erlangen een diffinisf, oordeel
638 1562 2626 1817 soo ten aensien van zijne eere, in tegenstellinge
561 1670 2897 1977 vande onelre Jn sope van verwaghtinge van avancen.
654 1891 2732 2141 tegens zijn veraghteringe, door sodanig W: r
649 2072 2823 2292 ende zulcken wijse als wij zouden bevinden te
655 2165 2807 2418 behoren, soo is na deliberatie goetgevonden, ende
667 2370 2787 2587 verstaen, de saeck te stellen, in handen van
525 2552 2860 2776 den E: fiscael van India, om door den aghtbagen
638 2695 2840 2977 raadt van Iustitie deses Casteels gexamnerrt.
449 2795 1860 3101 ende afgedaen te werden.
640 3068 2850 3348 na deliberatie goetgevonden, en nodigh geoordeelt
-2 3164 637 3342 Van alleplaesen jn
8 3303 597 3433 Jndia de Ejschen een
653 3273 2886 3537 na alle gouvernementen, directien Commandementen
8 3385 658 3520 Gertinckt specificatie
16 3480 602 3617 van alle ongetakeede
634 3440 2817 3609 en verdere Comptoiren te ordonneren, dat ons Jaerl:k
22 3555 351 3693 goederen
630 3563 2800 3770 van elcke plaets zal moeten worden toegesonden
625 3738 2794 3970 een pertineute specificatie van alle ongetiveerde
556 3909 2826 4145 goederen die d E: Comp:e toebehoren, ende in wesen.
630 4068 2764 4305 zijn gene uijtgesondert, en behoorlijck in soorten
2278 4233 2718 4410 onder
