2998 4752
96 69 289 272 262
191 202 480 370 252
596 109 2849 529 Prijdagt 22 October A:o 865.
651 651 2981 933 Getelen zijnde de scristelijcke verklaringe vanden
661 811 2966 1059 Equippaigie meester Jacobens, en eenige gecommitt:
50 876 706 1054 1s Iaght den Hannibal„
49 1013 2826 1194 afseleggen en teverlope schippers aengaemde de gestalte van het jagen
563 1127 2835 1328 „dendangibal, en dat daer aen ten nutte geen
666 1266 2652 1464 reparatieken werden gedaen, als zijnde
664 1396 2768 1646 beenemael vergaen ende afgevaeren, soo is
523 1589 2802 1776 na deliberatie goetevonden het velve afeeg
661 1747 2896 1972 leggen, om bij eeste gelegentheijt aenge meeste
589 1883 2198 2138 biedende de werden verliaght
731 2127 2838 2393 m van Palimbanjs, en abij afte daelen
7 2203 609 2480 Van Eongte
659 2307 2780 2490 de gerect leggende peper die wij tot het
34 2408 584 2561 Palembangh en
663 2424 2801 2628 afladen vande laeste retour schepen van noden
39 2487 640 2658 Jambij aengeleght
654 2588 2705 2771 sullen hebben, is goetgevonden, aenteleggen
650 2726 2780 2910 ende de gebruijcken, het sccip den eendraght,
639 2867 2817 3086 sullende eeerst den voorraetdambij jnnemen,
533 2996 2750 3237 dogh jnt verbij vaeren to alimbangs, over
585 3166 2849 3388 geven, 20: packen, kleeden den 4500: aense
624 3297 2734 3570 realen tot vervolgh vande Negore aldaer.
2 3466 2818 3778 edenhgen mielengh dewijl de schepen Wliddelburgh, en Drije zee
3 3670 648 3773 ende Vrije zee te laven
-3 3729 2747 3902 repatrieren de schippernogh onvoort zijn van schippers, om daer mede
0 3809 693 3972 Jacob Swant, en Cornis
5 3905 2793 4095 Coricken Bemcachouma boet vaderlandt, te vertrecken, soo is goet
68 3986 153 4098 „
0 4026 80 4123 50
2390 4106 2807 4295 gevonden
