3149 4716
5 182 108 292 1
30 3203 120 3322 5
296 -97 414 104 11
2904 21 3063 142 55.
2677 166 2899 356 63
227 531 2483 752 zijnde grdelibereert, soo is goetgevonden zijn E:
250 668 2999 845 daer van te ontslaen, ende weder jn desselfs plaetse end H: Anthonia
2509 815 3094 911 pavilioen in sijn Cklacto
257 845 2871 985 te verkiesen, de H: ext:s raad van India Anthonij pavilioen Vercoren
246 896 2418 1090 die het selve bereijdwilligh aengenomen heeft
2491 952 3074 1134 block in Pk
244 1034 2423 1179 en oock mede het ampt van kerckmeester van de
2462 1078 3088 1197 den 2: Repk in plaets
2473 1150 2929 1292 van d H: Hans
199 1139 2416 1337 Nederlantse kerckmeester van nederlantse therck
255 1286 2351 1417 zijnde jongst bedient geweest bij de B:. Constantin
254 1344 2520 1566 Ranst, ende zedert zijn E: vertreck na 't vader fd:
249 1509 1545 1656 tot nu toe vacant gebleven.
241 1627 2427 1815 uijt de gene die haer dienst aengeboden hebben, tot
240 1786 2357 1916 bekledings van het kosters Ampt, vande Inlandse
240 1884 2509 2036 kerck aende oost zijde buijten dese stadt, tegen over
244 1995 2488 2153 de punt gelderlandt alwaer een mael des weecks
244 2115 2512 2260 wert gecatechieeert, ende des vrijdags avonds een
2555 2192 3000 2377 Sijes Werend
254 2259 2551 2391 predicatie jut portugees gedaen, is op het voordragen
761 2346 844 2414 n
2498 2345 2999 2422 koster der Inlandze
256 2359 3053 2497 vanden eerw: kerckenraad goetgevonden te verkiesen seck buijten de stadt
249 2474 2522 2626 Jagues Vlicasius, van Baerlem, althans klockluijder
224 2564 2500 2719 ostel substituijt koster vande Wederlantse kerck hier
246 2684 685 2856 ter stede.
312 2906 2333 3139 Batavia int Casteel datals voren
1956 3106 2570 3338 van goens
1835 3281 2603 3523 Daurent Pit
1743 3476 2783 3699 P. Rdertwater
1853 3658 2796 3907 Pieter Van Hoon
2091 4248 2894 4472 van Camptuij
2024 4412 2500 4665 San
