3138 4669
2876 -4 2926 141 3
2826 130 2955 270 35
352 417 2824 710 Vnsaagt 20 Septemb: 1618
2570 677 3120 888 den Raandig n
410 694 2523 940 dn vaandiff van van deick van danhnb
2579 851 3107 968 schritk met sijn
2559 920 3097 1039 Vrouw en famuii
361 885 2481 1100 queste versoek doende met sijn vrouw en fanilie
2574 985 3152 1100 leventie dat Paeta
345 1008 2431 1165 :daanstaende tetour vloot naertpatna de mogen
2596 1060 2813 1213 vrgen
279 1128 2482 1304 vertrecken, vermits sijn tijt oock al tuijm zij de Eels
284 1260 1853 1456 soo is han sullx tenvollen geaccordeert
305 1347 3103 1603 En soo mede Riegelijkx den drstictinan Barens vermeul Lhinden si
2779 1512 3013 1590 den baane
222 1571 3049 1722 net sijn hujsvrouw, enwijl aen heun beijder verbant mede ddssin
347 1704 1362 1878 het Coumte gebrecken
495 1824 2551 2019 ben van Nagman nm alven geruijnmen tijdersond
616 1994 2604 2173 gelooven hebbende hoestaltane dejnstent, omme
279 2107 2545 2311 weder met een schip te mogenpersien; ofte wel anders in
320 2210 2677 2400 kinc met sijn samilie naet tvaderlant denegen gericknd
456 2375 3040 2567 den Waerdevers Pact is Nadiene bij onder soeck: schip hen uijn
2605 2463 3081 2571 Weder en C
309 2530 3056 2681 op sijn Comportonen met te segoen valt, hem bij provisie gettrin 't Eegten
274 2647 2610 2815 de stullen op t daeht voor soud: Wilckers scripper mial een
313 2779 2476 2977 seuijmen tijdt annis nogh her beeckelijk zij gewees
179 2937 3027 3199 Diperstoofden Jan de steig de se aaren bijnde den 8: apri dinlten
2639 3064 3097 3175 Aluijt Olhene
204 3086 3067 3346 Jonghstleden voor loeck: der Camer delf uijt de maase hafduijen
2610 3186 3106 3365 Pote uma Ao 9
275 3198 2629 3476 ge zij ld, en den 2iaug=s voor soodigh met de sont volck buEd
417 3370 2616 3536 omen sonder de Caap aen te doen, als die se door s conn
250 3527 2619 3752 heboen moetien voor bij loopen, volgens bufficante weden en
224 3652 2601 3866 Tesolutie bij den vollen soreepe walde datrovet genoeken
269 3839 2590 4013 hebbende versogt om de dewonepiennes van spoedig wijagis
275 3977 2245 4197 mogengeniegen soo is haer die ten vollen geaccordeert
2442 4098 2523 4288 1
