3123 4599
22 3770 124 3906 ge
124 764 247 912 1
2862 -4 3050 162 221
2801 128 3021 278 32
215 533 2336 708 beconinge van zondert en vijffigh guldens termaent
225 661 2289 821 nevens twintigh ealen kostgelt dato deser
233 758 1137 926 aenvanck nemende.
220 885 2291 1069 Josgelijcks is oock den Capitaier francois Cacke
2345 897 3106 1070 Capp: Traupois Tack verblee
2388 1032 3025 1166 C: van 80: tot 100. gulds
220 1010 2323 1207 Jop sjn versoeck mits tijts expiratie, en beproefde
188 1168 2355 1310 manhaft, en bequaemheijt. verbetert van 80: tot
217 1246 1424 1406 hondert guldens ter maent
202 1402 2477 1577 Bij een brieffken, soo even p:r de Chaloup de vlieger
2420 1542 3061 1674 op eenige Tijdinge van
228 1549 2400 1704 van onse besetters voor Pamanoekan; verstendigst
2423 1636 3112 1737 Armature der Cheribonders
211 1651 2360 1809 zijnde dat de Cheribonders, een groote magst bij
2404 1697 3078 1827 tegen den samma danger
208 1750 2435 1866 een hadden persamelt onme daer mede den pangiran
224 1844 2435 2003 van Sammadangs, die zijnen heer den Sousouhou„
229 1967 2395 2104 nangs, tot nogh getrouw gebleven, en sigh oock onse
235 2102 2387 2221 protextie over gegeven heeft te beoorlogen, gelijck.
224 2152 2427 2333 sulx van eenige aengekome Inlanderen, vande oost
243 2293 2529 2447 mede wert geconfirmeert, en gemeent ten principalen
240 2391 2365 2515 uijt de quade jndultie, ousen Bantamse gebuuren
239 2496 3007 2645 voort te komen boois daer op na deliberatie goedfgoen
2428 2576 3004 2684 Coopman ob n
246 2564 2289 2727 gevonden, den Coopman Jacob van Dijck, met de
2443 2636 3124 2746 dijck aen den panambahan
234 2687 2335 2817 Haloupen Vleeger en sequaan: als onse expresse
2419 2717 3139 2845 Van Cheribon te Committeri
169 2758 263 2917 e
236 2767 2255 2923 gecommitteerde derwaerts afte zenden, omme den
230 2891 2424 3015 Panambasan Sopo, ei verdere regeringe op voorsz:
226 2975 2416 3151 Beribon, behalpen, met een brieffje van hier oock
124 3115 2390 3258 nader mondelingh, uyt busen name wel ernstelyck
220 3215 2301 3359 te Insinueren. datse haer van alle vijandtlijcke actien
2438 3195 2973 3368 n  nde
2448 3330 3068 3446 Vijandschap tegenden
249 3291 2379 3485 en quade practiquen, tegens die van Sammadangh
2446 3395 3138 3488 Tamnadangeren andre
2438 3441 3083 3560 des Sousonkinangs en
235 3386 2457 3547 en andere des susouhounangs, als onde onderdanen
2441 3511 2996 3624 Comp: Ouderdaanen
215 3537 2401 3664 en Pontgenoten, sullen hebben te waghten, en te
2498 3574 2926 3701 aff temanen
247 3615 2501 3774 onthouden, en verder tegen zun expresselijck protesteren
237 3776 2335 3883 wegens de onseijlen, die andersins Jaer der wegen
240 3838 2262 3975 staen over te komen zoo zij na den raads des
239 3961 2607 4116 Sulthans van BBantam; eenige des sousonsounangs
242 4050 2511 4214 ofte onse Landen, bedoasten Cheribon, ofte bewesten
2132 4145 2466 4294 jnder
2084 4294 2131 4393 3
