3142 4683
81 838 168 951 2
794 354 1304 550 saert
108 442 2911 638 8: d:o d. Cabeliminen nogh alen bleuijt naer umatras Westcust getrijht t tsz:
1213 592 1819 710 Zoutruijm
326 601 1232 750 Jtem 4e lijff eijgenen voor de
2666 661 2909 788 „„ 53.
317 663 2581 814 met tecommandatie daer toe meer seaven op ’t Eijant Vias te negotien
404 775 2792 894 En daerto de Cabeljauw te gebruijcken met den Ondercoopmn fans backer„
390 836 2684 970 gt Mewongie van dEostiteijten der Inwoonderen van 't Eijlant de fortinn aln
552 926 2445 1065 ons Volck vande verongelickte fleuijt uijdai begaen — - - -
2823 997 2921 1119 59
322 1002 2190 1144 os vorstaan 100. militaineg na de Westcust mede te senden
349 1126 2213 1237 n de gediugien diemen kruijght inde goutmijn te gebruijcken .
302 1211 2599 1352 8a: Pieter van hoorm op sijn versoek van Tn 15. darigh Comiij risschap i
666 1289 1391 1414 t ercken Naade ontslagen
2813 1371 2955 1492 55.
462 1365 1972 1511 dP:s anth. pavilioen in sijn E plaets verhooren.
358 1464 2620 1627 Gelijck oock tot kerkinde De der V: herk in plaets van d' tder Jans
335 1567 2165 1716 Jagues Vlicahius tet ien den Iminde e bijten de stadt
74 1663 2776 1802 10 d:o H de tijding van bantam dat zij die van fimadangh onder haer gehoorsannit
639 1756 1315 1870 ll:n doenbuijgen.
380 1799 2681 1996 te goetgevonden door onse fesidenten te doen trotes zren dat die tuijen onder
578 1953 2432 2058 Onse becherminge songengnomen voor den sousouhomdangh
380 2010 2439 2160 sonder ons naghtins van die landen te willen mees termaeken . .. .
356 2115 1972 2259 maer allen tlant in vorige sit te te brengen ....
381 2190 2775 2354 dogh dat U: oock niet konnen gedogn dielanden van huij Wettigen soubouponnang
609 2304 1375 2444 souden worden Affgetrocken
494 2383 2528 2536 2: daerom oock onse uijtsettinge na Samanakan n:r Hebben gedaen . -
373 2504 2057 2612 sonder noghtins de handeliers te wllen Jncommodren.
361 2596 1462 2732 off met bantam oorlogh te soeken:
394 2675 2653 2807 alle 't welck onse tesidenten den Jongen bantamzen sulthan en rooten
637 2760 1423 2900 sullen bekent maek.
384 2806 2722 2953 omdatmen den ouden sulthan op Curtiass niet wwe kan te spieken cone:..
388 2940 2692 3079 sleden dat onse pagger op Erannng alleen tot versekeringe en beste tuste der
639 3034 1428 3168 Inwoondern is begrepe
440 3114 1427 3254 En tot bevrijding der Handla
401 3218 2781 3339 de Cabeljnuw, Lroonvgelen hoep de kieger tot verstelinge derbesettinge naer
652 3297 1310 3412 Panianoekin tesen
434 3360 1011 3502 met 100. soldaten
438 3425 2776 3621 tegen de bantammers bij ankois z niet maght van Breijgs volck aldaer te
671 3550 1758 3695 protes voej; En hin afftetperen
454 3645 1780 3758 En bij persortelandinge sl tterhenren
434 3752 2755 3867 bij bekominge eigbantam Vaertuijgn deselve niet aen te souden maer weder nae
754 3816 1273 3944 Huijs telargeren,
2618 3860 2681 3930 „
439 3860 2764 4038 denEommagen Wiera bedaha tot bandonge hier boven bij een briffie tot Trotwe
754 3986 1833 4114 aen den Crisouhounangh terunneren.
460 4058 1450 4192 en debantammers te Welrs aen
416 4130 2796 4258 adnis briefjean d’H: speelman najaparate senden om den toestant adaeste mogen vers saem
420 4232 2756 4358 Addis vin haer E:s om ons met de brederkrijgh der Mottaranze princen niet Jn telaten..
2729 2584 2823 2708 „
2790 3987 2864 4076 „
2849 2040 2972 2182 57
2886 2494 3004 2608 2
2756 3025 2834 3154 „
2773 3127 3019 3262 „ 59:
2766 3297 2861 3408 „
2764 3378 2883 3488 „
2858 3646 3008 3770 60
2881 4061 3021 4179 61
2958 566 3043 683 2
