3138 4703
2886 24 3074 190 253
2799 170 3062 324 253
278 402 2448 743 stem dngoukd vagbben der Landee drauwen buijden
158 718 2577 877 den boom, en aende schepen en vaertuijgen twee maenden
226 841 2509 995 wilstandt tot betalinge hunner ordinare paghtpenn:
2459 866 3103 1070 onhuin, veden Versoek
235 928 2464 1075 bij provisie te vergunnen, en hun verder versoeck om
2461 1020 3085 1175 om affslagh uijtgestelt
231 1018 2430 1217 afslagh; ttottet eijnde van't daer uijtgestelt te laten
218 1148 2442 1316 omme als dan daer overnaes redelijckheijt en
207 1259 2526 1428 bevindinge vansaecken, nader te deliteren en den
191 1372 875 1533 de disponeren.
175 1498 3095 1755 den E: Iacob Verdungs bij resolupie van den 24„e maij d' Mootinbuijs
2500 1638 3131 1774 als diecteur van bengalen
216 1684 3082 1822 passada geeligeert tot Direceir van Bengale vabtat  80 Als
2553 1814 2874 1922 termant
226 1804 2541 1969 en gereetstaende, omme in weijnigh dagen derwaert
215 1878 2530 2081 te verbrecken, heeft als nu doen versoecken omme
237 1977 2316 2201 in deselve functie, met een condigne gagie te
225 2082 2379 2244 mogen werden Een eerd„ waer op verstaen is
169 2196 2456 2404 den selven toe teleggen. het ordinarie directeurs
223 2322 2315 2525 tractement van sondert en daghdigh guldens ber
209 2433 2518 2592 maent 't welck zal Jugaen ten dage als zijn E:
198 2510 2400 2739 transport derserver dirditoe uijt handen vandbd
157 2660 2011 2814 Willem voegen, komt over tenemen
200 2783 2458 3200 Betavia t Gstel Larum als Veren
2169 3204 2757 3434 Jan goehis
2058 3492 2863 3684 Cornmaman
2213 3659 2291 3798 16
2034 3774 3008 3944 W: van Enthoor
2048 4070 2767 4303 Van Campkuijs.
