<?xml version="1.0" encoding="UTF-8" standalone="yes"?>
<PcGts xmlns="http://schema.primaresearch.org/PAGE/gts/pagecontent/2013-07-15" xmlns:xsi="http://www.w3.org/2001/XMLSchema-instance" xsi:schemaLocation="http://schema.primaresearch.org/PAGE/gts/pagecontent/2013-07-15 http://schema.primaresearch.org/PAGE/gts/pagecontent/2013-07-15/pagecontent.xsd">
    <Metadata>
        <Creator>prov=University of Rostock/Institute of Mathematics/CITlab|PLANET AI GmbH/Gundram Leifert/gundram.leifert@planet-ai.de:name=Dutch Mountains (18th Century)(htr_id=21683)::::v=2.6.6
prov=University of Rostock/Institute of Mathematics/CITlab|PLANET AI GmbH/Tobias Gruening/tobias.gruening@planet-ai.de:name=de.uros.citlab.module.baseline2polygon.B2PSeamMultiOriented:v=2.6.6
prov=University of Rostock/Institute of Mathematics/CITlab|PLANET AI GmbH/Tobias Gruening/tobias.gruening@planet-ai.de:name=/net_tf/LA73_249_0mod360.pb:de.uros.citlab.segmentation.CITlab_LA_ML:v=2.6.6
Transkribus</Creator>
        <Created>2020-09-07T17:37:13.302+07:00</Created>
        <LastChange>2020-09-07T16:55:34.251+02:00</LastChange>
        <TranskribusMetadata docId="471980" pageId="19528584" pageNr="352" tsid="39450325" status="IN_PROGRESS" userId="15017" imgUrl="https://files.transkribus.eu/Get?id=WTFOJOTINIUAVQMHQCCPKIDY&amp;fileType=view" xmlUrl="https://files.transkribus.eu/Get?id=FXPOTHGXNFVZRUBPSPKNKFUM" imageId="15088421"/>
    </Metadata>
    <Page imageFilename="ID-ANRI_K66a_890_352.jpg" imageWidth="3159" imageHeight="4638">
        <ReadingOrder>
            <OrderedGroup id="ro_1620456140673" caption="Regions reading order">
                <RegionRefIndexed index="0" regionRef="r1"/>
            </OrderedGroup>
        </ReadingOrder>
        <TextRegion orientation="0.0" id="r1" custom="readingOrder {index:0;}">
            <Coords points="24,78 24,4165 2934,4165 2934,78"/>
            <TextLine id="r1l1" custom="readingOrder {index:0;}">
                <Coords points="69,158 162,165 198,147 223,158 248,147 270,150 269,-4 251,-4 230,18 208,10 162,32 137,25 111,47 68,50"/>
                <Baseline points="87,132 114,134 142,133 169,132 197,132 224,132 252,135"/>
                <TextEquiv>
                    <Unicode>352</Unicode>
                </TextEquiv>
            </TextLine>
            <TextLine id="r1l2" custom="readingOrder {index:1;}">
                <Coords points="138,302 178,306 247,278 345,277 334,148 316,150 299,166 240,149 226,161 204,148 158,167 126,162"/>
                <Baseline points="153,282 181,281 210,278 239,275 268,273 297,270 326,269"/>
                <TextEquiv>
                    <Unicode>338</Unicode>
                </TextEquiv>
            </TextLine>
            <TextLine id="r1l3" custom="readingOrder {index:2;}">
                <Coords points="2500,386 2521,390 2543,386 2581,400 2601,392 2618,395 2631,317 2613,314 2593,325 2587,321 2575,326 2569,321 2553,326 2511,315"/>
                <Baseline points="2519,375 2546,379 2573,385 2600,387"/>
                <TextEquiv>
                    <Unicode>12</Unicode>
                </TextEquiv>
            </TextLine>
            <TextLine id="r1l4" custom="readingOrder {index:3;}">
                <Coords points="824,703 889,667 1029,703 1072,682 1266,686 1349,733 1350,244 1300,248 1207,172 1135,197 1081,182 1023,193 879,297 826,290"/>
                <Baseline points="842,666 867,666 893,668 919,669 945,669 970,669 996,670 1022,671 1048,671 1074,671 1099,671 1125,671 1151,669 1177,669 1203,669 1228,669 1254,669 1280,669 1306,669 1332,669"/>
                <TextEquiv>
                    <Unicode>e</Unicode>
                </TextEquiv>
            </TextLine>
            <TextLine id="r1l5" custom="readingOrder {index:4;}">
                <Coords points="1706,701 2046,735 2098,686 2338,679 2640,709 2757,780 2949,707 2958,151 2673,218 2390,163 1953,299 1714,234"/>
                <Baseline points="1724,674 1784,675 1844,675 1905,675 1965,677 2025,677 2086,677 2146,678 2206,678 2267,680 2327,681 2387,681 2448,683 2508,684 2568,686 2629,686 2689,689 2749,690 2810,691 2870,693 2931,695"/>
                <TextEquiv>
                    <Unicode> </Unicode>
                </TextEquiv>
            </TextLine>
            <TextLine id="r1l6" custom="readingOrder {index:5;}">
                <Coords points="919,875 1210,898 1294,820 1502,792 2428,872 2738,845 2739,781 2643,711 2505,773 2342,680 2035,754 1960,695 1715,734 1519,677 1367,739 921,745"/>
                <Baseline points="938,798 1027,802 1116,804 1205,807 1294,809 1383,812 1472,812 1562,815 1651,815 1740,816 1829,818 1918,818 2007,819 2096,821 2186,822 2275,824 2364,825 2453,827 2542,830 2631,833 2721,836"/>
                <TextEquiv>
                    <Unicode>iere binnen deser stede danier Vlogcals</Unicode>
                </TextEquiv>
            </TextLine>
            <TextLine id="r1l7" custom="readingOrder {index:6;}">
                <Coords points="809,1017 1273,948 1628,1035 1927,957 2951,999 2952,927 2687,834 1505,796 1224,893 811,880"/>
                <Baseline points="828,945 933,945 1038,945 1143,945 1249,945 1354,945 1459,947 1565,947 1670,948 1775,948 1881,950 1986,951 2091,953 2196,954 2302,957 2407,959 2512,962 2618,965 2723,968 2828,971 2934,975"/>
                <TextEquiv>
                    <Unicode>wan de Cedeh de ijte en dee Vonungeln</Unicode>
                </TextEquiv>
            </TextLine>
            <TextLine id="r1l8" custom="readingOrder {index:7;}">
                <Coords points="574,1100 2933,1205 2936,996 2714,957 2055,1052 1272,1042 1154,954 1013,1045 575,1003"/>
                <Baseline points="593,1079 709,1080 825,1083 941,1085 1057,1086 1173,1088 1289,1088 1406,1089 1522,1091 1638,1091 1754,1092 1870,1094 1986,1094 2102,1096 2219,1098 2335,1100 2451,1103 2567,1106 2683,1109 2799,1113 2916,1118"/>
                <TextEquiv>
                    <Unicode>annagtage sijn gemoind paot ( at bij or de</Unicode>
                </TextEquiv>
            </TextLine>
            <TextLine id="r1l9" custom="readingOrder {index:8;}">
                <Coords points="964,1302 1320,1239 1783,1318 1885,1234 2009,1311 2820,1346 2823,1195 966,1129"/>
                <Baseline points="983,1230 1074,1230 1165,1230 1256,1229 1347,1230 1438,1230 1529,1232 1620,1232 1711,1233 1802,1235 1893,1237 1984,1239 2075,1241 2166,1243 2257,1245 2348,1247 2439,1248 2530,1250 2621,1253 2712,1254 2804,1256"/>
                <TextEquiv>
                    <Unicode> agtten stact) op gebrengen, ds nac gedan</Unicode>
                </TextEquiv>
            </TextLine>
            <TextLine id="r1l10" custom="readingOrder {index:9;}">
                <Coords points="70,1347 200,1345 249,1365 365,1351 386,1367 462,1352 466,1251 423,1253 395,1230 369,1240 261,1164 225,1152 115,1202 76,1197"/>
                <Baseline points="90,1331 115,1333 140,1335 165,1337 190,1338 216,1339 241,1340 266,1340 291,1341 316,1341 342,1341 367,1343 392,1344 417,1346 443,1349"/>
                <TextEquiv>
                    <Unicode>den ge det</Unicode>
                </TextEquiv>
            </TextLine>
            <TextLine id="r1l11" custom="readingOrder {index:10;}">
                <Coords points="862,1388 1009,1411 1092,1373 1242,1446 1498,1392 1580,1426 1631,1394 1745,1406 1807,1375 1808,1314 1452,1298 1288,1239 1240,1285 1093,1283 1053,1318 982,1274 863,1283"/>
                <Baseline points="881,1371 926,1370 971,1370 1017,1370 1062,1370 1108,1370 1153,1370 1199,1371 1244,1372 1290,1373 1335,1374 1380,1375 1426,1376 1471,1377 1517,1378 1562,1379 1608,1379 1653,1379 1699,1379 1744,1379 1790,1377"/>
                <TextEquiv>
                    <Unicode>ck van baakoanaende</Unicode>
                </TextEquiv>
            </TextLine>
            <TextLine id="r1l12" custom="readingOrder {index:11;}">
                <Coords points="564,1426 622,1423 632,1433 643,1430 650,1437 683,1441 683,1283 661,1283 618,1304 586,1275 564,1275"/>
                <Baseline points="582,1376 609,1376 636,1376 663,1376"/>
                <TextEquiv>
                    <Unicode>en</Unicode>
                </TextEquiv>
            </TextLine>
            <TextLine id="r1l13" custom="readingOrder {index:12;}">
                <Coords points="1924,1423 2142,1459 2200,1420 2445,1428 2695,1479 2735,1443 2825,1441 2827,1344 2655,1302 2450,1334 2393,1305 2109,1325 1926,1290"/>
                <Baseline points="1943,1376 1986,1377 2029,1379 2072,1380 2115,1380 2159,1382 2202,1382 2245,1383 2288,1383 2331,1385 2375,1385 2418,1385 2461,1386 2504,1386 2547,1388 2591,1388 2634,1388 2677,1389 2720,1391 2763,1391 2807,1392"/>
                <TextEquiv>
                    <Unicode>enengaetgevonden dm</Unicode>
                </TextEquiv>
            </TextLine>
            <TextLine id="r1l14" custom="readingOrder {index:13;}">
                <Coords points="36,1413 241,1406 309,1415 341,1448 396,1406 442,1425 475,1407 510,1426 557,1405 558,1370 465,1342 407,1366 368,1351 210,1359 196,1344 37,1352"/>
                <Baseline points="54,1397 79,1398 105,1398 130,1399 156,1400 181,1401 207,1401 232,1403 258,1403 283,1403 309,1404 334,1404 360,1405 385,1406 411,1406 436,1406 462,1406 487,1406 513,1406 539,1406"/>
                <TextEquiv>
                    <Unicode>H dees bened</Unicode>
                </TextEquiv>
            </TextLine>
            <TextLine id="r1l15" custom="readingOrder {index:14;}">
                <Coords points="49,1476 77,1475 114,1504 150,1499 161,1510 186,1502 207,1481 240,1502 254,1491 283,1501 281,1411 224,1408 217,1416 202,1405 181,1416 166,1402 155,1410 98,1403 80,1414 48,1411"/>
                <Baseline points="66,1466 94,1462 122,1460 150,1459 179,1459 207,1460 235,1460 264,1461"/>
                <TextEquiv>
                    <Unicode></Unicode>
                </TextEquiv>
            </TextLine>
            <TextLine id="r1l16" custom="readingOrder {index:15;}">
                <Coords points="416,1499 434,1501 453,1485 464,1489 479,1477 497,1482 507,1494 517,1495 525,1488 532,1496 554,1495 563,1402 545,1400 510,1425 488,1423 472,1407 442,1415 424,1413"/>
                <Baseline points="438,1466 471,1469 504,1473 537,1475"/>
                <TextEquiv>
                    <Unicode>Cens</Unicode>
                </TextEquiv>
            </TextLine>
            <TextLine id="r1l17" custom="readingOrder {index:16;}">
                <Coords points="910,1569 1003,1554 1183,1589 1589,1565 1588,1418 1484,1401 1419,1433 1387,1416 1315,1438 1286,1416 1250,1449 1139,1399 1064,1464 1006,1410 909,1440"/>
                <Baseline points="926,1514 958,1515 990,1516 1022,1517 1055,1517 1087,1518 1119,1518 1152,1518 1184,1518 1216,1517 1249,1517 1281,1517 1313,1516 1345,1515 1378,1515 1410,1514 1442,1514 1475,1514 1507,1514 1539,1514 1572,1514"/>
                <TextEquiv>
                    <Unicode>allndmo de Bel</Unicode>
                </TextEquiv>
            </TextLine>
            <TextLine id="r1l18" custom="readingOrder {index:17;}">
                <Coords points="1708,1593 1795,1564 1981,1604 2061,1576 2161,1601 2226,1579 2283,1612 2341,1583 2538,1594 2538,1443 2438,1475 2370,1429 2201,1421 2082,1471 1957,1425 1849,1428 1788,1385 1709,1406"/>
                <Baseline points="1727,1524 1766,1527 1806,1530 1846,1531 1886,1533 1925,1535 1965,1535 2005,1535 2045,1535 2084,1535 2124,1533 2164,1533 2204,1532 2243,1532 2283,1532 2323,1530 2363,1530 2402,1530 2442,1532 2482,1532 2522,1533"/>
                <TextEquiv>
                    <Unicode>  arnt ar b</Unicode>
                </TextEquiv>
            </TextLine>
            <TextLine id="r1l19" custom="readingOrder {index:18;}">
                <Coords points="1006,1714 1099,1726 1186,1702 1297,1718 1585,1701 1587,1565 1500,1581 1393,1565 1349,1583 1299,1568 1169,1591 1008,1563"/>
                <Baseline points="1023,1661 1050,1662 1077,1662 1104,1664 1131,1664 1158,1665 1185,1666 1213,1667 1240,1667 1267,1668 1294,1669 1321,1670 1348,1670 1375,1670 1403,1670 1430,1670 1457,1670 1484,1670 1511,1668 1538,1668 1566,1667"/>
                <TextEquiv>
                    <Unicode>Cnaer </Unicode>
                </TextEquiv>
            </TextLine>
            <TextLine id="r1l20" custom="readingOrder {index:19;}">
                <Coords points="2164,1719 2373,1747 2473,1700 2527,1733 2818,1729 2818,1625 2761,1635 2613,1585 2347,1586 2315,1614 2222,1579 2164,1597"/>
                <Baseline points="2184,1673 2214,1676 2245,1679 2276,1680 2307,1682 2338,1682 2369,1682 2399,1682 2430,1681 2461,1679 2492,1679 2523,1678 2554,1677 2585,1676 2615,1676 2646,1676 2677,1676 2708,1677 2739,1679 2770,1682 2801,1686"/>
                <TextEquiv>
                    <Unicode>eneben</Unicode>
                </TextEquiv>
            </TextLine>
            <TextLine id="r1l21" custom="readingOrder {index:20;}">
                <Coords points="919,1852 1020,1823 1717,1866 1716,1707 1684,1700 1594,1723 1501,1698 919,1719"/>
                <Baseline points="936,1824 974,1823 1012,1823 1050,1821 1088,1821 1126,1821 1164,1821 1202,1821 1240,1821 1278,1821 1317,1821 1355,1821 1393,1821 1431,1820 1469,1820 1507,1820 1545,1820 1583,1820 1621,1818 1659,1818 1698,1817"/>
                <TextEquiv>
                    <Unicode>ende 3„ mae</Unicode>
                </TextEquiv>
            </TextLine>
            <TextLine id="r1l22" custom="readingOrder {index:21;}">
                <Coords points="2376,1867 2398,1869 2428,1893 2467,1867 2481,1872 2564,1860 2575,1728 2524,1735 2494,1710 2479,1709 2424,1730 2388,1724"/>
                <Baseline points="2399,1826 2424,1828 2449,1830 2474,1832 2499,1834 2524,1836 2549,1838"/>
                <TextEquiv>
                    <Unicode>deden</Unicode>
                </TextEquiv>
            </TextLine>
            <TextLine id="r1l23" custom="readingOrder {index:22;}">
                <Coords points="785,2003 2631,2036 2632,1842 1507,1899 786,1848"/>
                <Baseline points="804,1965 894,1970 985,1972 1075,1974 1166,1976 1256,1976 1347,1977 1437,1977 1528,1977 1618,1977 1709,1977 1800,1977 1890,1977 1981,1977 2071,1977 2162,1977 2252,1979 2343,1980 2433,1982 2524,1985 2615,1988"/>
                <TextEquiv>
                    <Unicode>dan aenomime alsonm va sodelijckten</Unicode>
                </TextEquiv>
            </TextLine>
            <TextLine id="r1l24" custom="readingOrder {index:23;}">
                <Coords points="29,2094 108,2083 136,2113 266,2090 323,2107 454,2069 507,2104 516,1885 480,1898 416,1880 368,1907 340,1888 321,1902 251,1855 179,1867 39,1846"/>
                <Baseline points="48,2024 74,2028 100,2033 126,2036 152,2039 178,2040 204,2042 230,2042 256,2042 283,2042 309,2043 335,2043 361,2043 387,2044 413,2045 439,2047 465,2050 492,2052"/>
                <TextEquiv>
                    <Unicode>e gne</Unicode>
                </TextEquiv>
            </TextLine>
            <TextLine id="r1l25" custom="readingOrder {index:24;}">
                <Coords points="641,2152 2355,2165 2357,2014 1182,2024 1083,1965 644,2004"/>
                <Baseline points="659,2100 742,2106 826,2110 910,2114 994,2117 1078,2120 1162,2122 1245,2124 1329,2126 1413,2127 1497,2129 1581,2129 1665,2130 1749,2130 1832,2130 1916,2130 2000,2132 2084,2132 2168,2132 2252,2132 2336,2132"/>
                <TextEquiv>
                    <Unicode>nenge da jnne verderte dieponeden</Unicode>
                </TextEquiv>
            </TextLine>
            <TextLine id="r1l26" custom="readingOrder {index:25;}">
                <Coords points="715,2394 2785,2406 2787,2273 2086,2287 1815,2150 720,2139"/>
                <Baseline points="734,2322 835,2324 937,2325 1039,2327 1140,2328 1242,2330 1344,2331 1445,2334 1547,2336 1649,2337 1751,2340 1852,2342 1954,2343 2056,2345 2157,2347 2259,2349 2361,2349 2462,2351 2564,2351 2666,2352 2768,2352"/>
                <TextEquiv>
                    <Unicode>hen heleven den  een or en t ooen</Unicode>
                </TextEquiv>
            </TextLine>
            <TextLine id="r1l27" custom="readingOrder {index:26;}">
                <Coords points="736,2533 2568,2567 2620,2420 738,2396"/>
                <Baseline points="755,2462 847,2460 939,2459 1031,2459 1124,2459 1216,2460 1308,2462 1401,2463 1493,2465 1585,2468 1678,2471 1770,2473 1862,2475 1954,2477 2047,2478 2139,2480 2231,2481 2324,2480 2416,2480 2508,2477 2601,2475"/>
                <TextEquiv>
                    <Unicode>van dinte eelg en tn sn van dror is de</Unicode>
                </TextEquiv>
            </TextLine>
            <TextLine id="r1l28" custom="readingOrder {index:27;}">
                <Coords points="169,2598 481,2607 595,2674 686,2626 796,2682 1774,2665 1776,2546 1704,2530 1327,2548 1256,2504 842,2557 466,2460 304,2496 172,2432"/>
                <Baseline points="186,2579 264,2582 343,2584 421,2586 500,2589 579,2591 657,2592 736,2594 814,2595 893,2597 972,2598 1050,2600 1129,2601 1207,2603 1286,2604 1365,2604 1443,2606 1522,2607 1600,2609 1679,2610 1758,2612"/>
                <TextEquiv>
                    <Unicode>edehede gekomen gen onsedeenden de</Unicode>
                </TextEquiv>
            </TextLine>
            <TextLine id="r1l29" custom="readingOrder {index:28;}">
                <Coords points="1925,2668 1969,2651 2025,2702 2112,2663 2324,2702 2640,2680 2787,2711 2789,2556 2606,2543 2393,2580 2279,2547 2171,2574 2067,2533 2027,2554 1927,2531"/>
                <Baseline points="1944,2603 1985,2607 2026,2609 2068,2612 2109,2613 2150,2615 2192,2616 2233,2618 2274,2618 2316,2618 2357,2619 2398,2619 2440,2618 2481,2618 2522,2618 2564,2618 2605,2618 2646,2618 2688,2618 2729,2618 2771,2618"/>
                <TextEquiv>
                    <Unicode>beeton omme me</Unicode>
                </TextEquiv>
            </TextLine>
            <TextLine id="r1l30" custom="readingOrder {index:29;}">
                <Coords points="90,2666 126,2680 209,2670 234,2691 255,2677 273,2695 327,2666 460,2681 460,2595 403,2595 385,2613 345,2595 306,2609 245,2591 223,2609 187,2598 90,2605"/>
                <Baseline points="108,2642 133,2644 159,2645 184,2646 210,2646 236,2646 261,2646 287,2646 312,2646 338,2645 364,2645 389,2645 415,2645 441,2646"/>
                <TextEquiv>
                    <Unicode>gn She b</Unicode>
                </TextEquiv>
            </TextLine>
            <TextLine id="r1l31" custom="readingOrder {index:30;}">
                <Coords points="34,2713 590,2815 2939,2822 2941,2710 2827,2673 35,2666"/>
                <Baseline points="51,2706 194,2713 338,2720 481,2726 625,2730 769,2733 912,2736 1056,2738 1200,2739 1343,2741 1487,2742 1631,2742 1774,2744 1918,2745 2062,2746 2205,2747 2349,2750 2493,2753 2636,2756 2780,2760 2924,2765"/>
                <TextEquiv>
                    <Unicode>om eersts tnt passe voor vier sijnen vaortgen tn tandel maat d ooktensi</Unicode>
                </TextEquiv>
            </TextLine>
            <TextLine id="r1l32" custom="readingOrder {index:31;}">
                <Coords points="15,2782 65,2769 190,2812 281,2778 435,2801 500,2788 517,2803 546,2800 548,2739 268,2717 164,2718 113,2738 17,2703"/>
                <Baseline points="32,2772 58,2772 84,2772 110,2772 136,2773 163,2774 189,2774 215,2774 241,2775 267,2775 294,2776 320,2777 346,2777 372,2778 398,2780 425,2780 451,2781 477,2783 503,2784 530,2787"/>
                <TextEquiv>
                    <Unicode>Paertuijen den Handel</Unicode>
                </TextEquiv>
            </TextLine>
            <TextLine id="r1l33" custom="readingOrder {index:32;}">
                <Coords points="11,2882 1074,2963 2006,2886 2173,2983 2783,2987 2751,2807 13,2785"/>
                <Baseline points="30,2835 166,2843 303,2850 440,2856 577,2861 714,2867 850,2870 987,2873 1124,2874 1261,2877 1398,2879 1534,2880 1671,2880 1808,2882 1945,2883 2082,2885 2218,2886 2355,2889 2492,2892 2629,2895 2766,2900"/>
                <TextEquiv>
                    <Unicode>Jn Jar opftt van Java tomgnwrden geaccomodeert; of oest geagtb</Unicode>
                </TextEquiv>
            </TextLine>
            <TextLine id="r1l34" custom="readingOrder {index:33;}">
                <Coords points="20,3001 648,3004 772,3107 1050,3019 2749,3062 2751,2969 21,2893"/>
                <Baseline points="38,2991 172,2996 307,3000 442,3004 576,3007 711,3009 846,3012 980,3014 1115,3015 1250,3017 1385,3018 1519,3020 1654,3021 1789,3023 1923,3026 2058,3027 2193,3030 2327,3035 2462,3038 2597,3044 2732,3050"/>
                <TextEquiv>
                    <Unicode>martw:t teslen hem daer op voor eerst in antwoord te laaten aenseggen, dat</Unicode>
                </TextEquiv>
            </TextLine>
            <TextLine id="r1l35" custom="readingOrder {index:34;}">
                <Coords points="13,3073 52,3073 77,3092 157,3061 171,3076 275,3067 404,3092 406,3009 161,3015 151,3004 133,3014 14,2997"/>
                <Baseline points="30,3060 55,3060 81,3062 106,3062 132,3062 157,3062 183,3063 208,3063 234,3063 259,3065 285,3065 310,3066 336,3066 361,3068 387,3068"/>
                <TextEquiv>
                    <Unicode>jhij ont alse</Unicode>
                </TextEquiv>
            </TextLine>
            <TextLine id="r1l36" custom="readingOrder {index:35;}">
                <Coords points="174,3150 231,3149 242,3138 253,3146 281,3135 357,3145 371,3134 421,3137 421,3073 389,3073 367,3084 335,3073 306,3081 281,3066 216,3078 173,3067"/>
                <Baseline points="191,3122 217,3123 244,3123 271,3123 298,3123 324,3123 351,3123 378,3122 405,3120"/>
                <TextEquiv>
                    <Unicode>e Wl</Unicode>
                </TextEquiv>
            </TextLine>
            <TextLine id="r1l37" custom="readingOrder {index:36;}">
                <Coords points="8,3176 716,3255 961,3149 2789,3226 2790,3079 2585,3046 1766,3034 1651,3123 1547,3051 1367,3122 9,3075"/>
                <Baseline points="26,3179 163,3174 300,3171 437,3168 575,3165 712,3164 849,3164 987,3164 1124,3164 1261,3164 1399,3165 1536,3167 1673,3168 1810,3170 1948,3172 2085,3174 2222,3177 2360,3179 2497,3182 2634,3185 2772,3186"/>
                <TextEquiv>
                    <Unicode>Hn n naeed hn Hoogheijt ons alvorens diens te laaten lden, naE</Unicode>
                </TextEquiv>
            </TextLine>
            <TextLine id="r1l38" custom="readingOrder {index:37;}">
                <Coords points="6,3266 261,3249 275,3264 311,3253 390,3286 437,3283 437,3204 401,3193 272,3185 250,3199 150,3202 85,3198 49,3173 6,3176"/>
                <Baseline points="24,3242 50,3242 76,3242 103,3242 129,3240 155,3240 182,3240 208,3240 234,3240 261,3240 287,3240 313,3241 340,3242 366,3243 392,3245 419,3246"/>
                <TextEquiv>
                    <Unicode>Emnst de</Unicode>
                </TextEquiv>
            </TextLine>
            <TextLine id="r1l39" custom="readingOrder {index:38;}">
                <Coords points="16,3341 95,3317 199,3335 250,3318 458,3344 458,3280 344,3264 293,3275 236,3246 135,3277 114,3256 17,3255"/>
                <Baseline points="35,3309 60,3309 85,3308 111,3308 136,3308 161,3308 187,3306 212,3306 238,3306 263,3306 288,3307 314,3308 339,3308 364,3309 390,3310 415,3312 441,3314"/>
                <TextEquiv>
                    <Unicode> a vern</Unicode>
                </TextEquiv>
            </TextLine>
            <TextLine id="r1l40" custom="readingOrder {index:39;}">
                <Coords points="543,3362 1854,3410 2009,3332 2177,3412 2310,3327 2749,3351 2796,3222 961,3150 788,3260 544,3190"/>
                <Baseline points="560,3306 670,3310 781,3313 892,3315 1003,3318 1114,3319 1225,3320 1335,3321 1446,3321 1557,3323 1668,3323 1779,3323 1890,3323 2001,3323 2111,3323 2222,3323 2333,3323 2444,3324 2555,3324 2666,3326 2777,3327"/>
                <TextEquiv>
                    <Unicode>raaden din gesijde van uijgen van ndennde is</Unicode>
                </TextEquiv>
            </TextLine>
            <TextLine id="r1l41" custom="readingOrder {index:40;}">
                <Coords points="516,3541 1048,3489 2574,3570 2780,3486 2781,3346 1544,3433 517,3365"/>
                <Baseline points="533,3441 644,3450 756,3456 867,3461 979,3464 1090,3467 1202,3470 1313,3471 1425,3471 1536,3473 1648,3473 1759,3471 1871,3471 1982,3471 2094,3471 2205,3471 2317,3473 2428,3474 2540,3476 2651,3479 2763,3483"/>
                <TextEquiv>
                    <Unicode>de selden, en omt wate oormans: offe goedereen dan</Unicode>
                </TextEquiv>
            </TextLine>
            <TextLine id="r1l42" custom="readingOrder {index:41;}">
                <Coords points="450,3666 2850,3680 2851,3572 2675,3560 1159,3555 1038,3489 451,3565"/>
                <Baseline points="468,3602 586,3606 704,3611 822,3614 940,3617 1058,3620 1176,3621 1295,3622 1413,3623 1531,3624 1649,3624 1767,3624 1885,3624 2003,3626 2122,3626 2240,3627 2358,3627 2476,3630 2594,3632 2712,3633 2831,3638"/>
                <TextEquiv>
                    <Unicode>mde sonden delan derwaerts gewoert, omme als dan</Unicode>
                </TextEquiv>
            </TextLine>
            <TextLine id="r1l43" custom="readingOrder {index:42;}">
                <Coords points="510,3791 1009,3867 2874,3861 2875,3725 2742,3709 511,3672"/>
                <Baseline points="528,3761 644,3767 760,3771 877,3774 993,3777 1109,3780 1226,3780 1342,3782 1458,3782 1575,3782 1691,3782 1807,3782 1924,3782 2040,3782 2156,3782 2273,3783 2389,3783 2505,3786 2622,3788 2738,3791 2855,3795"/>
                <TextEquiv>
                    <Unicode>daer op vlden dn disponanren, niet wijdene Notisijntie</Unicode>
                </TextEquiv>
            </TextLine>
            <TextLine id="r1l44" custom="readingOrder {index:43;}">
                <Coords points="639,3983 2866,4043 2867,3895 2674,3854 2436,3913 2092,3834 1764,3896 1614,3827 640,3843"/>
                <Baseline points="657,3933 766,3936 876,3938 985,3941 1095,3942 1204,3944 1314,3945 1423,3947 1533,3948 1642,3950 1752,3950 1861,3951 1971,3951 2080,3953 2190,3953 2299,3953 2409,3954 2518,3954 2628,3954 2737,3954 2847,3956"/>
                <TextEquiv>
                    <Unicode>denteeren dat wij dat inme tanigheijd sijn makende</Unicode>
                </TextEquiv>
            </TextLine>
            <TextLine id="r1l45" custom="readingOrder {index:44;}">
                <Coords points="2630,4215 2662,4221 2707,4196 2735,4209 2775,4205 2785,4083 2759,4085 2742,4072 2731,4075 2708,4052 2693,4054 2680,4046 2672,4052 2644,4043"/>
                <Baseline points="2654,4131 2681,4131 2708,4135 2735,4138 2762,4137"/>
                <TextEquiv>
                    <Unicode>1</Unicode>
                </TextEquiv>
            </TextLine>
            <TextEquiv>
                <Unicode>352
338
12
e
 
iere binnen deser stede danier Vlogcals
wan de Cedeh de ijte en dee Vonungeln
annagtage sijn gemoind paot ( at bij or de
 agtten stact) op gebrengen, ds nac gedan
den ge det
ck van baakoanaende
en
enengaetgevonden dm
H dees bened

Cens
allndmo de Bel
  arnt ar b
Cnaer 
eneben
ende 3„ mae
deden
dan aenomime alsonm va sodelijckten
e gne
nenge da jnne verderte dieponeden
hen heleven den  een or en t ooen
van dinte eelg en tn sn van dror is de
edehede gekomen gen onsedeenden de
beeton omme me
gn She b
om eersts tnt passe voor vier sijnen vaortgen tn tandel maat d ooktensi
Paertuijen den Handel
Jn Jar opftt van Java tomgnwrden geaccomodeert; of oest geagtb
martw:t teslen hem daer op voor eerst in antwoord te laaten aenseggen, dat
jhij ont alse
e Wl
Hn n naeed hn Hoogheijt ons alvorens diens te laaten lden, naE
Emnst de
 a vern
raaden din gesijde van uijgen van ndennde is
de selden, en omt wate oormans: offe goedereen dan
mde sonden delan derwaerts gewoert, omme als dan
daer op vlden dn disponanren, niet wijdene Notisijntie
denteeren dat wij dat inme tanigheijd sijn makende
1</Unicode>
            </TextEquiv>
        </TextRegion>
    </Page>
</PcGts>
