3165 4691
2908 72 3104 215 1508
2845 222 3074 387 503
1784 303 1987 706 1
2475 430 2888 720 118.
629 672 2164 852 Sm eens Castaor denarig vergad senge
385 860 2445 1051 decingieet wordende voort bguken van
241 1047 3077 1178 ender doene bessiptie maedeveerde to sijn degenvooro de Niguesten
2581 1134 3096 1233 verbeberingen ult
251 1141 3150 1321 voor eerst voorgecomen de Grquesten van schende v bande overgekomen
264 1298 2545 1431 met voorschrijpen vanden gouverneur quaalborh e
244 1366 2496 1557 saadt; ten da goedgevonden de naarvolgende in
246 1466 2134 1675 qualiteijt ongagie te perbederen, als geweten
286 1612 3071 1821 Joan: keijts van plistingen aen enoreeden Iagpc: d Een opperkoopman
2610 1772 3083 1863 Joan Keijts gestelt
246 1721 2529 1944 qualiteijt van oppercoopman beer versoeige van gaet
2607 1833 3120 1941 tot b oluit schunde
2602 1893 3143 2004 Persoon en verbetert dot
259 1872 2597 2024 is gedeschietd, en den welcken nu Eenigendijt de plactse van
2623 1948 3125 2060 70 9b. M: aauls Voor
2679 2008 2925 2134 te Cab
237 2007 2662 2144 sechide persoon in te de bayden gesuspendeerden opfer Copman
217 2118 2620 2309 matten Hoo0 heeft betlelde, uijt dte nu in die sinscke abzoluig
255 2250 2582 2398 bebistigt En in gagie versoeent tot tuegturigh guedenstor m:
246 2349 2446 2520 onder verbant van nogh drie daer, alle heden Engaende,
239 2460 3157 2685 Alepangen Caipius van meus tegenwvoordigh presicaus tot de Teiken bhende
2611 2632 3141 2711 Carpiuts Van 80. lbb
254 2623 3092 2773 neira inbanda„ winnende 80: Gul: west op de goede getuijgni/p:n 1o0 hestmaerde
2602 2726 2916 2853 Verbetert
248 2731 2629 2917 van sijnen goeden vbet en stightinge, soo den tlederlandre als
226 2896 2394 3040 Inlandse gomeenne verbetert tot Bonder guld. des macut
262 3027 2413 3265 oamasde ane van tode, dam: onderbooentai
2594 3066 3182 3268 Aee: de Bartogk hooft
2606 3203 3136 3305 Lonthoir Van L00.
217 3175 2510 3355 hebbende Jongst als fiscael gewonnen 50l. en nu cen
2610 3276 3181 3403 tot Coopman iet bogt
2598 3339 3031 3473 na tijts exdiratie
258 3299 2570 3496 wijle de suncke beclect van Subalterm Hooft ten Comtoire
245 3457 2507 3633 Contboir, wvert gevordert tot de qualiteijt van Coopman
230 3558 2531 3740 met belgk guldens ter maent, jngaende navonge tijts
255 3688 1994 3900 Expiratie 2: Junij dstoekomenden Jaers
290 3828 3179 4082 Jacob suriaensz van ban da Eerst adsis tent, en Eenetanis Suwol hners pnd
2612 3981 3160 4079 van den Gouv: en Hald
2215 4013 3146 4205 van den eCopmen mitgeg
2004 4405 2155 4570 5
