3092 4643
42 36 258 156 308
256 204 543 415 308
2567 353 2695 516 52:
504 551 2468 788 daor toe de hnaes dolbennaee werden
689 744 2877 927 onwaedom voors: bondievoet on sodatnigen gevaejmits
49 722 683 944 en h neke das bijte
71 905 674 1013 gevanceren tot Coopman
683 878 2857 1083 lande tls Eositntie, des geden Zoutendeme de
62 981 569 1126 met 60. puld:s —
682 1015 2901 1269 verde subt de qualtijt van Coosman onder Dend
670 1171 2273 1395 beconinge van teestigh guld:s ter maendt
962 1363 2835 1600 t ook op het Javorabel voordragen van de bij
685 1552 2887 1733 gouverneur tijcklot van geensde Jongen den Catteijn
44 1594 683 1818 Capt: Harman Drikse
709 1679 2886 1877 aman dieetvander pool in sijne prop: functie van
51 1779 678 1874 anderpael dessave van
60 1861 2693 1986 Colombo met 100 gul: bessave der landen van Colombo bij deen gbzoluijt
81 1910 361 2043 smaents
694 1980 2924 2153 geconfimeerd, en wils oven genougen en lange jange
664 2090 2817 2290 dienstne oetere van 80: tot sonder guld: ter maende
643 2282 3003 2492 Jtem den Coopman Tal ob Bunjgens bie aehpans casier
43 2280 599 2508 Jatot Huijgens tot
61 2471 2852 2608 bedminitaateur p Cob tot ocombo is, werd gestelt tot adminitirateur op die
42 2528 608 2638 onder d van Eorste
50 2599 515 2729 met 60. gullens —
669 2545 2795 2770 hooft residentie, onder doesighe van den Commandeur
666 2693 2789 2878 dominicus van vorsten geavanceert van 10. tot
670 2849 1760 3041 sestigh guldens ter maandt
694 3005 2904 3252 derder nogh ijets gesproken wesende ter materie van baken
664 3169 2845 3395 op mallabaer; is goedgevonden, en best geaght de brieven
673 3305 2954 3491 desen Jaare van daer ontfangen, alleen maer in tescriptie
668 3445 2949 3690 te beantwoorden voor boovele daer op aenden EComman:
705 3591 2766 3842 Jacob Lobs en fagdt nodighbal wesen te suscribenen
675 3738 2846 3995 sullende tverdere van onse Insentie ten principallen
671 3948 2556 4143 en tot fedres in verscheijde saacken aldaer
2549 4023 2743 4197 den
