3134 4668
59 -5 281 183 3b
81 172 248 335 380
29 2114 485 2288 en diemen meent
15 2250 456 2343 in de Piesen
21 2316 516 2402 miblen d Java. a
18 2380 460 2455 m deommtder
20 2430 477 2516 ntanas en
26 2488 484 2571 soude homnaen
42 2545 328 2698 e
15 2956 428 3168 en
17 3137 520 3224 bevonden op morgen
-5 3187 517 3287 D ons ter andrendil
10 3247 511 3350 te laten veeschijnen
8 3321 515 3466 om sijn derootmonding
5 3382 389 3534 of telen
1799 420 1951 645 1
2767 410 2877 642 d
712 730 2828 954 aeken vandes dfoesen madaas haden
641 931 2789 1071 nck van goe trour bideen op d:s beer p:r de
560 1056 2913 1281 houijt den Baendejt ban madadee her bangerouw
781 1188 2637 1381 daagts daer aen, door den Cadandus behens
586 1363 2539 1568 geemntteerde ndoot gedanee e in bijn
536 1512 2723 1678 lomeit debracke, dat daedde aende wedt zive dese
532 1634 2664 1813 nde omtrent Lomed:s veandeenb lijd te gebeas
520 1788 2621 1992 met desose ommelagd ten bepolot van 402 ulen
519 1909 2564 2106 als tesanajs to vondnen d Et bndere: dn
517 2074 2538 2284 nt aendagat gedesomgneerd endenmvend wssend
531 2202 2539 2443 det ons aln dete uan (met de perede uoa
519 2392 2605 2600 Java oost itsz en de omustigheijd der bantammers
497 2736 2669 2912 werden hem nogh beeraen tedungen, als ondersints)
491 2830 2758 3058 in der tijd nogt alveor soude konnen gelegen sijn; zoo is
654 3043 2762 3212 bij wordde, en tot naeder beraal goetgevonden
497 3140 2894 3372 zijn op morgen in dese saadkame voor ons derandiende
560 3314 2563 3505 vlaaten verschijnen om sijne Eerbiedigheijd, en
501 3495 2733 3618 verootmoediginge afteleijgen; in bodaniger voegen, als
478 3606 2800 3799 snlen voordesen a:o 1669. door de het gewese macassaer de
520 3755 2668 3945 ningen, en grooten is geschicd, (dooh nu sonder
2445 3941 2743 4111 Eenige
