3098 4587
21 26 242 161 300.
251 163 476 323 300
2577 322 2712 476 12
13 511 1318 748 en Aomen Repaer in a lae
2487 519 2804 740 aia
20 702 362 828 in Pairon
648 724 2885 870 Noperaer tn administigteur, doem ena Cooman
-5 774 630 1035 Pooties Ptede Pecke
632 871 3033 1048 nicolace litsert als tackemees tet in gannon sullen.
10 937 455 1059 „ Huijsmeet Dr
630 1001 3010 1164 succederen; gelijck dat, en wesmeer van onse omentie en d
662 1156 2757 1334 Consideratien, bij de af te gaene brieven speciaelder sen
650 1262 1585 1425 werden aangevoert &
716 1416 2893 1683 n wat aengaet hzij Eunveoij desen vier hoete eijde bodernns
31 1495 604 1712 de 4. hn afgaende
665 1598 2958 1864 dacrover leght ons voornomen, om deselve alse tot halfcemb:t
17 1665 634 1783 bodems, alze tot 2 decemb:r
12 1748 616 1874 in Souratta aen te houden
627 1746 2916 1996 in suratta aen de Houden, en soo aldaer als dan geen frang
634 1912 2930 2141 vijanden, of eendse andere vanderissen werden vernomen
611 2056 2903 2273 sal aende voorsightige Couduuke van de Pecien parpen
645 2165 2974 2447 en abbema werden gedeforcen; of de pecuwe gleven niet„
25 2175 631 2382 En dande Peluwe alleer
7 2340 639 2436 bij met nogh 1. â 2. bodiems
630 2315 2901 2571 het Cargasoen voor tersia sal voortgaen, dan wel in Comp„
5 2403 667 2551 Bapersia te laten Voortgaen
644 2450 2681 2713 van nogh een â 2. schepen, uijt Copsideratie als —
623 2598 2883 2841 voorleden Jaere oock is geschieven, op er wel Lichbuijgen
628 2809 2683 2990 verwaghdinge, en onse voor ennisse, in de versigenze
619 2900 2816 3151 golpho eenige vijanden sigh moghen onthouden, om o onse
648 3055 2694 3276 Cooppaerdije schepen toete leggen; en ten anderen uijt
644 3188 2775 3433 Insighte van de baldadigheijt des gamronzen sulthans;
2575 3417 2670 3536 t
619 3345 2591 3583 omtrent den welcken bij Continuatie van fijne
645 3572 2688 3737 geweldenarijen de parade met 2. â 3. schepen van
638 3651 2808 3892 droce operie soude konnen zijn , als daer niet dan„
635 3848 2680 4040 maer in suratta niet nodighs quaeme versuijnt
633 4040 1058 4154 te werden
2515 4129 2778 4289 Alsoo
