<?xml version="1.0" encoding="UTF-8" standalone="yes"?>
<PcGts xmlns="http://schema.primaresearch.org/PAGE/gts/pagecontent/2013-07-15" xmlns:xsi="http://www.w3.org/2001/XMLSchema-instance" xsi:schemaLocation="http://schema.primaresearch.org/PAGE/gts/pagecontent/2013-07-15 http://schema.primaresearch.org/PAGE/gts/pagecontent/2013-07-15/pagecontent.xsd">
    <Metadata>
        <Creator>prov=University of Rostock/Institute of Mathematics/CITlab|PLANET AI GmbH/Gundram Leifert/gundram.leifert@planet-ai.de:name=Dutch Mountains (18th Century)(htr_id=21683)::::v=2.6.6
prov=University of Rostock/Institute of Mathematics/CITlab|PLANET AI GmbH/Tobias Gruening/tobias.gruening@planet-ai.de:name=de.uros.citlab.module.baseline2polygon.B2PSeamMultiOriented:v=2.6.6
prov=University of Rostock/Institute of Mathematics/CITlab|PLANET AI GmbH/Tobias Gruening/tobias.gruening@planet-ai.de:name=/net_tf/LA73_249_0mod360.pb:de.uros.citlab.segmentation.CITlab_LA_ML:v=2.6.6
Transkribus</Creator>
        <Created>2020-09-07T17:37:11.775+07:00</Created>
        <LastChange>2020-09-07T16:50:44.667+02:00</LastChange>
        <TranskribusMetadata docId="471980" pageId="19528562" pageNr="330" tsid="39449574" status="IN_PROGRESS" userId="15017" imgUrl="https://files.transkribus.eu/Get?id=JYPSPHWEMBECIOILCTYIQLLX&amp;fileType=view" xmlUrl="https://files.transkribus.eu/Get?id=TKUJTTJDSFWYFWUKPTAHTWZA" imageId="15088399"/>
    </Metadata>
    <Page imageFilename="ID-ANRI_K66a_890_330.jpg" imageWidth="3150" imageHeight="4581">
        <ReadingOrder>
            <OrderedGroup id="ro_1620456136589" caption="Regions reading order">
                <RegionRefIndexed index="0" regionRef="r1"/>
            </OrderedGroup>
        </ReadingOrder>
        <TextRegion orientation="0.0" id="r1" custom="readingOrder {index:0;}">
            <Coords points="89,50 89,4343 2981,4343 2981,50"/>
            <TextLine id="r1l1" custom="readingOrder {index:0;}">
                <Coords points="147,117 180,116 194,129 237,120 265,127 297,118 328,123 354,103 371,106 370,54 348,60 230,19 178,31 145,27"/>
                <Baseline points="162,108 189,110 217,109 245,107 273,106 301,105 329,105 357,108"/>
                <TextEquiv>
                    <Unicode>330.</Unicode>
                </TextEquiv>
            </TextLine>
            <TextLine id="r1l2" custom="readingOrder {index:1;}">
                <Coords points="341,280 358,279 378,291 428,267 448,284 466,266 497,271 516,247 538,245 529,153 483,160 458,154 423,127 406,126 330,164"/>
                <Baseline points="354,261 382,259 411,255 439,252 468,249 496,248 525,246"/>
                <TextEquiv>
                    <Unicode>330</Unicode>
                </TextEquiv>
            </TextLine>
            <TextLine id="r1l3" custom="readingOrder {index:2;}">
                <Coords points="2561,465 2577,467 2592,481 2629,473 2645,478 2662,365 2638,361 2632,365 2621,361 2610,365 2598,352 2579,352"/>
                <Baseline points="2582,414 2610,423 2639,423"/>
                <TextEquiv>
                    <Unicode>5p:</Unicode>
                </TextEquiv>
            </TextLine>
            <TextLine id="r1l4" custom="readingOrder {index:3;}">
                <Coords points="786,677 2955,669 2924,535 1167,582 789,500"/>
                <Baseline points="801,635 908,636 1015,638 1122,639 1229,641 1336,642 1443,644 1550,646 1657,648 1764,650 1871,652 1978,654 2085,656 2192,657 2299,659 2406,660 2513,662 2620,662 2727,663 2834,663 2942,662"/>
                <TextEquiv>
                    <Unicode>itns de dirctie van persti weder metben=</Unicode>
                </TextEquiv>
            </TextLine>
            <TextLine id="r1l5" custom="readingOrder {index:4;}">
                <Coords points="785,778 2508,811 2613,879 2895,836 2898,721 1608,696 1476,624 1393,691 787,678"/>
                <Baseline points="800,759 904,761 1008,762 1112,764 1216,765 1320,768 1424,770 1528,773 1632,774 1736,777 1841,780 1945,783 2049,785 2153,788 2257,790 2361,792 2465,795 2569,797 2673,798 2777,800 2882,801"/>
                <TextEquiv>
                    <Unicode>bequamen Boecker tot den basseraren banel te</Unicode>
                </TextEquiv>
            </TextLine>
            <TextLine id="r1l6" custom="readingOrder {index:5;}">
                <Coords points="796,925 2860,973 2994,954 2996,886 2749,815 2589,882 2509,811 799,794"/>
                <Baseline points="809,900 917,900 1026,900 1134,902 1243,902 1352,903 1460,905 1569,906 1677,909 1786,912 1895,914 2003,917 2112,920 2220,923 2329,927 2438,930 2546,935 2655,938 2763,943 2872,947 2981,951"/>
                <TextEquiv>
                    <Unicode>vorsien en die wij hiet gresene niet aende vandetoe</Unicode>
                </TextEquiv>
            </TextLine>
            <TextLine id="r1l7" custom="readingOrder {index:6;}">
                <Coords points="114,975 274,965 357,991 392,966 561,969 588,988 643,968 750,1005 779,991 777,795 627,791 551,819 447,796 414,818 335,795 112,814"/>
                <Baseline points="126,968 157,966 189,965 221,965 253,963 285,963 317,963 349,963 381,962 413,962 445,962 476,962 508,962 540,962 572,960 604,960 636,960 668,959 700,959 732,957 764,956"/>
                <TextEquiv>
                    <Unicode>D ee han heijen</Unicode>
                </TextEquiv>
            </TextLine>
            <TextLine id="r1l8" custom="readingOrder {index:7;}">
                <Coords points="101,1044 306,1039 344,1078 497,1040 800,1056 800,1007 648,972 596,990 558,967 446,990 381,972 356,991 272,962 233,986 103,984"/>
                <Baseline points="114,1031 147,1031 181,1031 214,1032 248,1032 282,1032 315,1034 349,1034 382,1034 416,1035 450,1035 483,1036 517,1037 550,1037 584,1038 618,1038 651,1039 685,1040 718,1041 752,1042 786,1043"/>
                <TextEquiv>
                    <Unicode>na Persie te schip tot —</Unicode>
                </TextEquiv>
            </TextLine>
            <TextLine id="r1l9" custom="readingOrder {index:8;}">
                <Coords points="785,1080 2444,1058 2718,1151 2937,1119 2939,963 787,951"/>
                <Baseline points="800,1047 906,1046 1012,1046 1118,1046 1224,1046 1331,1046 1437,1046 1543,1046 1649,1047 1755,1047 1862,1049 1968,1050 2074,1052 2180,1053 2286,1055 2393,1058 2499,1061 2605,1065 2711,1068 2817,1073 2924,1079"/>
                <TextEquiv>
                    <Unicode>soo sal na Deijlon worden geordonneerd eene Eied</Unicode>
                </TextEquiv>
            </TextLine>
            <TextLine id="r1l10" custom="readingOrder {index:9;}">
                <Coords points="103,1182 275,1147 412,1169 474,1153 627,1168 628,1059 508,1044 478,1063 445,1044 344,1076 292,1038 104,1042"/>
                <Baseline points="116,1098 142,1101 168,1103 194,1104 220,1107 247,1108 273,1110 299,1110 325,1110 351,1112 378,1112 404,1111 430,1110 456,1110 482,1109 509,1108 535,1107 561,1105 587,1103 614,1101"/>
                <TextEquiv>
                    <Unicode>dn bassora van Haria</Unicode>
                </TextEquiv>
            </TextLine>
            <TextLine id="r1l11" custom="readingOrder {index:10;}">
                <Coords points="756,1238 1239,1200 1492,1267 2112,1192 2112,1121 2011,1079 1638,1052 1564,1107 1466,1043 1343,1113 1286,1075 1002,1100 757,1055"/>
                <Baseline points="770,1190 836,1188 902,1187 969,1185 1035,1184 1102,1184 1168,1184 1235,1184 1301,1184 1368,1185 1434,1185 1500,1187 1567,1187 1633,1188 1700,1190 1766,1191 1833,1191 1899,1193 1966,1193 2032,1193 2099,1193"/>
                <TextEquiv>
                    <Unicode>Eecters hetwaerts de de schieken</Unicode>
                </TextEquiv>
            </TextLine>
            <TextLine id="r1l12" custom="readingOrder {index:11;}">
                <Coords points="2242,1236 2362,1241 2386,1263 2536,1227 2599,1258 2834,1224 2921,1241 2923,1124 2841,1136 2814,1114 2715,1151 2612,1086 2546,1115 2463,1057 2293,1117 2244,1108"/>
                <Baseline points="2255,1202 2287,1203 2320,1203 2353,1205 2385,1206 2418,1207 2451,1208 2483,1209 2516,1210 2549,1211 2582,1212 2614,1212 2647,1212 2680,1212 2712,1212 2745,1212 2778,1213 2810,1212 2843,1212 2876,1212 2909,1212"/>
                <TextEquiv>
                    <Unicode>Den bednde</Unicode>
                </TextEquiv>
            </TextLine>
            <TextLine id="r1l13" custom="readingOrder {index:12;}">
                <Coords points="100,1333 171,1319 392,1360 520,1324 594,1378 785,1306 785,1255 624,1225 566,1250 468,1215 100,1241"/>
                <Baseline points="113,1319 145,1319 178,1319 211,1319 244,1319 277,1319 310,1319 342,1319 375,1319 408,1319 441,1319 474,1319 507,1319 540,1319 572,1319 605,1317 638,1317 671,1317 704,1317 737,1317 770,1317"/>
                <TextEquiv>
                    <Unicode>de tedige schepen uijt</Unicode>
                </TextEquiv>
            </TextLine>
            <TextLine id="r1l14" custom="readingOrder {index:13;}">
                <Coords points="773,1330 2787,1406 2979,1380 2981,1274 774,1246"/>
                <Baseline points="785,1325 894,1326 1003,1329 1112,1331 1221,1332 1330,1335 1439,1337 1548,1339 1657,1341 1766,1343 1875,1344 1984,1347 2093,1349 2202,1352 2311,1353 2420,1356 2529,1358 2638,1361 2747,1364 2856,1367 2966,1370"/>
                <TextEquiv>
                    <Unicode>dat de bedige schepen, die Jaerlijc uijt binek en detsir</Unicode>
                </TextEquiv>
            </TextLine>
            <TextLine id="r1l15" custom="readingOrder {index:14;}">
                <Coords points="89,1397 215,1418 318,1388 436,1419 528,1394 722,1391 722,1356 689,1342 566,1367 520,1326 449,1353 326,1358 266,1334 89,1328"/>
                <Baseline points="102,1385 132,1385 162,1385 192,1385 223,1385 253,1385 283,1385 314,1386 344,1386 374,1386 405,1386 435,1387 465,1388 495,1388 526,1388 556,1387 586,1386 617,1386 647,1385 677,1383 708,1382"/>
                <TextEquiv>
                    <Unicode>Sratta ntersia van</Unicode>
                </TextEquiv>
            </TextLine>
            <TextLine id="r1l16" custom="readingOrder {index:15;}">
                <Coords points="114,1467 182,1456 245,1483 283,1461 362,1472 395,1455 490,1482 523,1455 684,1462 711,1451 711,1391 577,1392 526,1414 247,1396 215,1420 193,1401 114,1402"/>
                <Baseline points="128,1454 156,1455 185,1455 213,1455 242,1455 270,1455 299,1455 327,1455 356,1455 384,1455 413,1455 441,1455 470,1454 498,1454 527,1454 555,1454 584,1454 612,1454 641,1454 669,1453 698,1452"/>
                <TextEquiv>
                    <Unicode>Cheijlon doorgaens over</Unicode>
                </TextEquiv>
            </TextLine>
            <TextLine id="r1l17" custom="readingOrder {index:16;}">
                <Coords points="889,1516 2848,1546 2921,1536 2924,1373 2462,1463 2324,1381 1285,1368 1180,1440 972,1340 892,1374"/>
                <Baseline points="903,1478 1003,1478 1103,1476 1203,1476 1303,1478 1404,1478 1504,1479 1604,1480 1704,1482 1804,1484 1905,1485 2005,1488 2105,1490 2205,1493 2305,1494 2406,1497 2506,1500 2606,1503 2706,1505 2806,1508 2907,1511"/>
                <TextEquiv>
                    <Unicode>eijlen aenkomen, en aldaer geen badinge vinden</Unicode>
                </TextEquiv>
            </TextLine>
            <TextLine id="r1l18" custom="readingOrder {index:17;}">
                <Coords points="122,1547 166,1555 270,1522 302,1550 371,1558 395,1542 613,1556 761,1529 761,1477 704,1450 524,1455 477,1485 395,1455 283,1490 177,1454 123,1470"/>
                <Baseline points="137,1524 167,1524 198,1523 228,1523 259,1521 289,1521 320,1521 350,1520 381,1520 411,1520 442,1520 472,1520 503,1520 533,1520 564,1521 594,1521 625,1523 655,1523 686,1524 716,1525 747,1526"/>
                <TextEquiv>
                    <Unicode>Cormandel nabacadiede</Unicode>
                </TextEquiv>
            </TextLine>
            <TextLine id="r1l19" custom="readingOrder {index:18;}">
                <Coords points="137,1654 200,1640 247,1599 278,1617 329,1609 357,1624 393,1625 389,1552 302,1548 273,1524 208,1530 193,1547 133,1550"/>
                <Baseline points="149,1595 174,1592 199,1591 225,1589 250,1587 275,1586 301,1584 326,1584 351,1584 377,1586"/>
                <TextEquiv>
                    <Unicode>senden</Unicode>
                </TextEquiv>
            </TextLine>
            <TextLine id="r1l20" custom="readingOrder {index:19;}">
                <Coords points="778,1625 2371,1651 2444,1720 2685,1633 2960,1669 2776,1528 780,1516"/>
                <Baseline points="791,1616 898,1616 1006,1617 1114,1619 1222,1620 1329,1622 1437,1623 1545,1625 1653,1626 1760,1628 1868,1629 1976,1631 2084,1632 2191,1634 2299,1635 2407,1637 2515,1638 2622,1638 2730,1640 2838,1640 2946,1640"/>
                <TextEquiv>
                    <Unicode>doorgaene over de Cust Cormandel moeten wweijden</Unicode>
                </TextEquiv>
            </TextLine>
            <TextLine id="r1l21" custom="readingOrder {index:20;}">
                <Coords points="726,1785 996,1817 1040,1776 1187,1826 1399,1825 1506,1785 1688,1832 1689,1644 1193,1663 1166,1635 1089,1670 1002,1634 726,1693"/>
                <Baseline points="740,1764 786,1764 833,1766 880,1766 926,1766 973,1767 1020,1767 1066,1767 1113,1767 1160,1766 1207,1766 1253,1766 1300,1766 1347,1767 1393,1767 1440,1767 1487,1769 1533,1769 1580,1770 1627,1772 1674,1773"/>
                <TextEquiv>
                    <Unicode>herwaers gedepischeert</Unicode>
                </TextEquiv>
            </TextLine>
            <TextLine id="r1l22" custom="readingOrder {index:21;}">
                <Coords points="757,2003 2734,2047 2736,1911 2524,1815 2403,1890 1920,1915 759,1869"/>
                <Baseline points="771,1964 868,1964 966,1964 1063,1964 1161,1964 1258,1964 1356,1965 1453,1965 1551,1965 1648,1967 1746,1967 1843,1968 1941,1969 2038,1970 2136,1972 2233,1974 2331,1976 2428,1979 2526,1982 2623,1986 2721,1989"/>
                <TextEquiv>
                    <Unicode>gesprooken wasende vanden omen, ondigaf van</Unicode>
                </TextEquiv>
            </TextLine>
            <TextLine id="r1l23" custom="readingOrder {index:22;}">
                <Coords points="88,2015 159,1995 325,2015 532,1993 563,2018 636,2017 712,1983 711,1863 618,1892 583,1856 534,1879 501,1860 311,1930 212,1915 188,1937 147,1910 87,1936"/>
                <Baseline points="101,1997 130,1995 160,1994 190,1994 220,1994 250,1994 280,1994 310,1994 340,1994 370,1994 400,1994 429,1994 459,1994 489,1993 519,1992 549,1992 579,1992 609,1990 639,1989 669,1988 699,1985"/>
                <TextEquiv>
                    <Unicode>an den oeden ldige</Unicode>
                </TextEquiv>
            </TextLine>
            <TextLine id="r1l24" custom="readingOrder {index:23;}">
                <Coords points="100,2070 326,2087 545,2066 640,2104 676,2077 741,2094 743,1980 636,2016 519,1998 360,2020 178,1997 101,2012"/>
                <Baseline points="114,2057 144,2058 175,2059 206,2060 236,2061 267,2061 298,2062 328,2063 359,2063 390,2063 421,2064 451,2064 482,2064 513,2066 543,2066 574,2066 605,2067 635,2067 666,2067 697,2069 728,2069"/>
                <TextEquiv>
                    <Unicode>van Matrise don gafpats</Unicode>
                </TextEquiv>
            </TextLine>
            <TextLine id="r1l25" custom="readingOrder {index:24;}">
                <Coords points="772,2125 1383,2201 2670,2172 2650,2022 1997,2061 1900,2000 1305,2069 773,2008"/>
                <Baseline points="786,2105 879,2108 973,2111 1066,2114 1160,2117 1254,2118 1347,2120 1441,2121 1534,2121 1628,2121 1722,2121 1815,2123 1909,2123 2002,2123 2096,2121 2190,2123 2283,2123 2377,2123 2470,2123 2564,2124 2658,2124"/>
                <TextEquiv>
                    <Unicode>atuxe dom gaspat sijnne wint modeljaer </Unicode>
                </TextEquiv>
            </TextLine>
            <TextLine id="r1l26" custom="readingOrder {index:25;}">
                <Coords points="75,2151 386,2148 421,2176 572,2144 675,2165 728,2138 728,2097 677,2077 638,2104 603,2073 546,2067 391,2072 366,2094 180,2085 140,2062 77,2091"/>
                <Baseline points="89,2133 120,2132 151,2132 182,2132 213,2132 245,2133 276,2133 307,2133 338,2135 369,2135 401,2135 432,2136 463,2136 494,2138 525,2138 557,2139 588,2139 619,2141 650,2141 681,2142 713,2142"/>
                <TextEquiv>
                    <Unicode>Sinnewieva Moeeljan</Unicode>
                </TextEquiv>
            </TextLine>
            <TextLine id="r1l27" custom="readingOrder {index:26;}">
                <Coords points="88,2222 369,2211 521,2258 628,2230 671,2266 733,2268 736,2153 593,2167 569,2144 473,2181 395,2149 89,2149"/>
                <Baseline points="101,2204 133,2204 166,2202 198,2204 231,2204 263,2204 296,2205 329,2206 361,2208 394,2209 426,2210 459,2211 491,2211 524,2213 557,2213 589,2213 622,2213 654,2213 687,2211 720,2210"/>
                <TextEquiv>
                    <Unicode>wederom na Cheijlon te</Unicode>
                </TextEquiv>
            </TextLine>
            <TextLine id="r1l28" custom="readingOrder {index:27;}">
                <Coords points="778,2324 1039,2250 1231,2334 1538,2269 1643,2342 2290,2334 2353,2275 2843,2340 2846,2214 781,2182"/>
                <Baseline points="795,2244 896,2244 998,2246 1100,2247 1202,2249 1304,2250 1406,2253 1507,2255 1609,2256 1711,2259 1813,2261 1915,2264 2017,2265 2119,2268 2220,2271 2322,2273 2424,2275 2526,2277 2628,2279 2730,2282 2832,2283"/>
                <TextEquiv>
                    <Unicode>een d seijlon om politique wigtige zon wetadin heren</Unicode>
                </TextEquiv>
            </TextLine>
            <TextLine id="r1l29" custom="readingOrder {index:28;}">
                <Coords points="130,2304 158,2298 174,2314 213,2316 261,2303 275,2314 337,2284 349,2295 365,2294 362,2213 313,2209 270,2221 209,2209 158,2235 128,2236"/>
                <Baseline points="144,2283 169,2282 195,2280 221,2279 247,2279 272,2278 298,2277 324,2277 350,2276"/>
                <TextEquiv>
                    <Unicode>senden</Unicode>
                </TextEquiv>
            </TextLine>
            <TextLine id="r1l30" custom="readingOrder {index:29;}">
                <Coords points="746,2453 1301,2400 1559,2475 1669,2403 1989,2503 2890,2493 2892,2324 2540,2384 2380,2324 1708,2373 1538,2270 1433,2353 749,2317"/>
                <Baseline points="761,2408 866,2406 972,2405 1078,2403 1184,2403 1290,2403 1395,2403 1501,2403 1607,2405 1713,2405 1819,2407 1924,2409 2030,2411 2136,2414 2242,2417 2348,2420 2453,2423 2559,2427 2665,2432 2771,2436 2877,2442"/>
                <TextEquiv>
                    <Unicode>gesonden, omme van, nadien ienet sip malt bijste</Unicode>
                </TextEquiv>
            </TextLine>
            <TextLine id="r1l31" custom="readingOrder {index:30;}">
                <Coords points="752,2561 1350,2566 1547,2648 1871,2561 2153,2634 2274,2582 2390,2655 2531,2578 2880,2581 2881,2521 2663,2490 1247,2512 1140,2404 754,2457"/>
                <Baseline points="765,2537 870,2543 975,2547 1080,2550 1185,2553 1290,2556 1395,2558 1500,2559 1605,2559 1710,2561 1816,2561 1921,2561 2026,2562 2131,2564 2236,2565 2341,2567 2446,2570 2551,2573 2656,2577 2761,2582 2867,2589"/>
                <TextEquiv>
                    <Unicode>van heeft weder te laaten derwaerts gaen, is Egrden</Unicode>
                </TextEquiv>
            </TextLine>
            <TextLine id="r1l32" custom="readingOrder {index:31;}">
                <Coords points="93,2693 295,2674 330,2699 508,2675 693,2696 731,2677 732,2578 667,2548 470,2602 418,2569 304,2571 249,2541 137,2584 94,2573"/>
                <Baseline points="108,2675 138,2673 168,2672 199,2672 229,2670 260,2670 290,2670 321,2670 351,2670 382,2670 412,2670 442,2670 473,2672 503,2672 534,2672 564,2673 595,2673 625,2673 656,2675 686,2675 717,2675"/>
                <TextEquiv>
                    <Unicode>O verstaen alvorens 't</Unicode>
                </TextEquiv>
            </TextLine>
            <TextLine id="r1l33" custom="readingOrder {index:32;}">
                <Coords points="757,2775 982,2700 2871,2778 2897,2565 2586,2693 2241,2613 760,2598"/>
                <Baseline points="773,2691 878,2694 983,2696 1088,2699 1194,2701 1299,2703 1404,2705 1510,2708 1615,2709 1720,2711 1826,2712 1931,2714 2036,2716 2141,2718 2247,2720 2352,2722 2457,2724 2563,2726 2668,2729 2773,2732 2879,2735"/>
                <TextEquiv>
                    <Unicode>na deliberatie betegeaght, alvorens he geijs van dang</Unicode>
                </TextEquiv>
            </TextLine>
            <TextLine id="r1l34" custom="readingOrder {index:33;}">
                <Coords points="85,2754 156,2741 197,2774 235,2748 323,2749 390,2796 448,2743 519,2793 571,2752 617,2759 618,2680 574,2701 515,2675 460,2694 392,2682 340,2705 288,2677 173,2698 86,2685"/>
                <Baseline points="99,2738 124,2738 149,2739 174,2739 199,2739 225,2740 250,2741 275,2741 300,2742 325,2742 351,2742 376,2743 401,2744 426,2744 451,2744 477,2745 502,2745 527,2744 552,2744 577,2744 603,2744"/>
                <TextEquiv>
                    <Unicode>Advijs van d Hr. Poriv:</Unicode>
                </TextEquiv>
            </TextLine>
            <TextLine id="r1l35" custom="readingOrder {index:34;}">
                <Coords points="101,2845 218,2896 388,2874 434,2902 527,2882 663,2899 663,2773 630,2790 573,2754 527,2787 447,2743 379,2790 325,2749 240,2746 188,2768 156,2741 101,2744"/>
                <Baseline points="116,2822 142,2822 169,2822 196,2822 222,2822 249,2822 276,2822 302,2822 329,2822 356,2822 383,2822 409,2823 436,2823 463,2823 489,2823 516,2822 543,2822 569,2822 596,2822 623,2820 650,2820"/>
                <TextEquiv>
                    <Unicode>saedt aff te Wagsteed</Unicode>
                </TextEquiv>
            </TextLine>
            <TextLine id="r1l36" custom="readingOrder {index:35;}">
                <Coords points="740,2874 2768,2917 2919,2892 2922,2759 1223,2709 741,2789"/>
                <Baseline points="755,2835 862,2841 970,2844 1077,2848 1185,2850 1292,2853 1400,2856 1507,2858 1615,2859 1722,2862 1830,2864 1938,2865 2045,2867 2153,2868 2260,2870 2368,2871 2475,2873 2583,2876 2690,2879 2798,2882 2906,2885"/>
                <TextEquiv>
                    <Unicode>dd: w:r en sabt ep Toion dant over nader of de waghe</Unicode>
                </TextEquiv>
            </TextLine>
            <TextLine id="r1l37" custom="readingOrder {index:36;}">
                <Coords points="744,3052 1372,2987 2849,3067 2945,3049 2947,2894 2501,2970 2366,2889 2073,2969 1845,2870 1054,2868 745,2954"/>
                <Baseline points="759,2996 867,2999 976,3000 1084,3002 1193,3005 1302,3006 1410,3008 1519,3010 1627,3011 1736,3014 1845,3015 1953,3017 2062,3017 2170,3018 2279,3020 2388,3021 2496,3023 2605,3023 2713,3024 2822,3026 2931,3026"/>
                <TextEquiv>
                    <Unicode>om dat er voord ndest vande Comp:e na de gelegenshiese</Unicode>
                </TextEquiv>
            </TextLine>
            <TextLine id="r1l38" custom="readingOrder {index:37;}">
                <Coords points="757,3177 950,3242 1149,3158 1370,3211 1796,3163 1902,3245 2101,3180 2101,3032 1608,3045 1512,3118 1291,3107 1131,3019 757,3057"/>
                <Baseline points="770,3159 835,3158 901,3156 967,3156 1033,3156 1099,3158 1165,3158 1230,3159 1296,3159 1362,3161 1428,3161 1494,3162 1560,3162 1626,3164 1691,3164 1757,3162 1823,3162 1889,3161 1955,3159 2021,3155 2087,3152"/>
                <TextEquiv>
                    <Unicode>bes tijds koude aengelegen wisen</Unicode>
                </TextEquiv>
            </TextLine>
            <TextLine id="r1l39" custom="readingOrder {index:38;}">
                <Coords points="2067,3262 2153,3287 2184,3263 2231,3274 2257,3251 2304,3257 2355,3240 2435,3250 2429,3144 2319,3171 2222,3108 2121,3108 2061,3161"/>
                <Baseline points="2079,3257 2105,3255 2131,3254 2157,3252 2184,3251 2210,3249 2236,3247 2263,3246 2289,3244 2315,3243 2342,3242 2368,3240 2394,3240 2421,3240"/>
                <TextEquiv>
                    <Unicode>da</Unicode>
                </TextEquiv>
            </TextLine>
            <TextLine id="r1l40" custom="readingOrder {index:39;}">
                <Coords points="1218,3262 1232,3262 1242,3274 1256,3271 1261,3277 1289,3277 1294,3283 1305,3274 1365,3275 1366,3202 1344,3201 1334,3190 1304,3190 1273,3209 1263,3197 1219,3194"/>
                <Baseline points="1232,3261 1262,3264 1292,3264 1322,3264 1352,3264"/>
                <TextEquiv>
                    <Unicode></Unicode>
                </TextEquiv>
            </TextLine>
            <TextLine id="r1l41" custom="readingOrder {index:40;}">
                <Coords points="665,3389 2850,3437 2819,3303 1834,3330 1393,3236 1092,3330 668,3234"/>
                <Baseline points="678,3383 791,3379 905,3377 1018,3375 1132,3375 1246,3375 1359,3375 1473,3377 1587,3380 1700,3382 1814,3384 1927,3387 2041,3390 2155,3393 2268,3395 2382,3398 2496,3399 2609,3401 2723,3402 2837,3402"/>
                <TextEquiv>
                    <Unicode>dandien de vandeseale op de zijcomtalne bijd</Unicode>
                </TextEquiv>
            </TextLine>
            <TextLine id="r1l42" custom="readingOrder {index:41;}">
                <Coords points="754,3523 2843,3588 2845,3460 2767,3420 1898,3480 1798,3415 1036,3468 756,3401"/>
                <Baseline points="768,3501 871,3508 974,3514 1077,3519 1180,3522 1283,3525 1386,3527 1490,3528 1593,3528 1696,3528 1799,3528 1902,3528 2005,3528 2108,3530 2212,3530 2315,3533 2418,3535 2521,3538 2624,3543 2727,3549 2831,3557"/>
                <TextEquiv>
                    <Unicode>onkosten gemede van goee banima komende ob en</Unicode>
                </TextEquiv>
            </TextLine>
            <TextLine id="r1l43" custom="readingOrder {index:42;}">
                <Coords points="92,3598 311,3574 439,3596 491,3582 542,3615 605,3579 725,3593 725,3495 512,3495 425,3421 221,3546 93,3464"/>
                <Baseline points="105,3569 135,3569 165,3569 195,3569 226,3569 256,3570 286,3570 317,3570 347,3572 377,3572 408,3572 438,3572 468,3572 498,3572 529,3572 559,3572 589,3572 620,3570 650,3569 680,3569 711,3566"/>
                <TextEquiv>
                    <Unicode>de vaerden voor d’ fficieree</Unicode>
                </TextEquiv>
            </TextLine>
            <TextLine id="r1l44" custom="readingOrder {index:43;}">
                <Coords points="78,3659 152,3641 177,3663 201,3647 250,3664 376,3641 460,3664 518,3645 547,3676 599,3657 708,3678 709,3591 693,3588 668,3604 614,3578 545,3613 491,3582 388,3578 341,3613 240,3579 79,3593"/>
                <Baseline points="93,3644 123,3643 153,3642 183,3642 213,3642 243,3642 273,3641 303,3641 333,3641 363,3642 394,3642 424,3642 454,3643 484,3644 514,3644 544,3645 574,3647 604,3648 634,3648 664,3650 695,3651"/>
                <TextEquiv>
                    <Unicode>op theijlen, meesen soner</Unicode>
                </TextEquiv>
            </TextLine>
            <TextLine id="r1l45" custom="readingOrder {index:44;}">
                <Coords points="750,3690 2872,3723 2870,3592 1735,3615 1596,3532 1377,3626 1302,3557 1069,3616 751,3543"/>
                <Baseline points="764,3671 868,3672 973,3672 1078,3672 1182,3672 1287,3672 1392,3672 1496,3672 1601,3671 1706,3671 1811,3671 1915,3671 2020,3671 2125,3672 2229,3674 2334,3675 2439,3678 2543,3680 2648,3684 2753,3689 2858,3693"/>
                <TextEquiv>
                    <Unicode>bo sal neiden gerecomnaeed: die deselve, die voor</Unicode>
                </TextEquiv>
            </TextLine>
            <TextLine id="r1l46" custom="readingOrder {index:45;}">
                <Coords points="93,3738 131,3739 167,3712 200,3726 271,3713 300,3733 331,3720 385,3753 415,3726 603,3734 604,3664 547,3674 514,3649 386,3677 359,3649 315,3646 263,3651 225,3680 154,3641 94,3654"/>
                <Baseline points="107,3707 132,3707 157,3707 183,3708 208,3708 234,3708 259,3708 284,3710 310,3710 335,3711 361,3711 386,3711 412,3713 437,3713 462,3713 488,3713 513,3713 539,3713 564,3711 590,3710"/>
                <TextEquiv>
                    <Unicode>vel kosen gehouden</Unicode>
                </TextEquiv>
            </TextLine>
            <TextLine id="r1l47" custom="readingOrder {index:46;}">
                <Coords points="77,3781 102,3784 116,3773 137,3782 162,3776 181,3788 189,3779 252,3788 271,3775 326,3789 356,3784 356,3718 293,3726 234,3714 201,3728 171,3711 157,3725 108,3713 78,3727"/>
                <Baseline points="90,3771 115,3769 140,3768 165,3767 190,3767 216,3768 241,3768 266,3769 291,3770 316,3771 342,3771"/>
                <TextEquiv>
                    <Unicode>Werden</Unicode>
                </TextEquiv>
            </TextLine>
            <TextLine id="r1l48" custom="readingOrder {index:47;}">
                <Coords points="792,3856 2803,3875 2780,3708 2405,3790 2084,3718 1678,3696 1325,3771 795,3693"/>
                <Baseline points="806,3812 905,3810 1004,3810 1103,3810 1202,3812 1301,3812 1400,3813 1500,3815 1599,3816 1698,3818 1797,3820 1896,3822 1995,3824 2094,3825 2194,3827 2293,3828 2392,3829 2491,3830 2590,3830 2689,3831 2789,3830"/>
                <TextEquiv>
                    <Unicode>ijsende afficir en on dihane als anders noottndes:t</Unicode>
                </TextEquiv>
            </TextLine>
            <TextLine id="r1l49" custom="readingOrder {index:48;}">
                <Coords points="753,3983 2798,4045 2853,3888 755,3874"/>
                <Baseline points="767,3947 870,3948 974,3950 1077,3951 1181,3954 1284,3956 1388,3959 1491,3961 1595,3963 1698,3966 1802,3969 1906,3972 2009,3975 2113,3977 2216,3979 2320,3981 2423,3983 2527,3984 2630,3984 2734,3984 2838,3984"/>
                <TextEquiv>
                    <Unicode>onren bonder naemwaerdige ongelden entuijgen ds ook</Unicode>
                </TextEquiv>
            </TextLine>
            <TextLine id="r1l50" custom="readingOrder {index:49;}">
                <Coords points="736,4117 2428,4199 2705,4122 2824,4178 2826,4061 1446,4061 1283,4001 930,4052 738,3962"/>
                <Baseline points="749,4098 852,4097 955,4096 1058,4095 1161,4097 1264,4097 1367,4098 1470,4101 1573,4103 1676,4104 1780,4107 1883,4110 1986,4112 2089,4115 2192,4116 2295,4118 2398,4120 2501,4121 2604,4122 2707,4122 2811,4121"/>
                <TextEquiv>
                    <Unicode>anders geene sucen mogenan moeden werden gengsijnden</Unicode>
                </TextEquiv>
            </TextLine>
            <TextLine id="r1l51" custom="readingOrder {index:50;}">
                <Coords points="2541,4367 2585,4366 2635,4337 2674,4346 2706,4323 2739,4331 2763,4313 2851,4332 2846,4180 2811,4186 2794,4173 2721,4184 2643,4148 2602,4149 2535,4179"/>
                <Baseline points="2553,4316 2578,4315 2604,4312 2630,4311 2656,4308 2682,4306 2707,4304 2733,4304 2759,4304 2785,4305 2811,4307 2837,4313"/>
                <TextEquiv>
                    <Unicode>Die</Unicode>
                </TextEquiv>
            </TextLine>
            <TextEquiv>
                <Unicode>330.
330
5p:
itns de dirctie van persti weder metben=
bequamen Boecker tot den basseraren banel te
vorsien en die wij hiet gresene niet aende vandetoe
D ee han heijen
na Persie te schip tot —
soo sal na Deijlon worden geordonneerd eene Eied
dn bassora van Haria
Eecters hetwaerts de de schieken
Den bednde
de tedige schepen uijt
dat de bedige schepen, die Jaerlijc uijt binek en detsir
Sratta ntersia van
Cheijlon doorgaens over
eijlen aenkomen, en aldaer geen badinge vinden
Cormandel nabacadiede
senden
doorgaene over de Cust Cormandel moeten wweijden
herwaers gedepischeert
gesprooken wasende vanden omen, ondigaf van
an den oeden ldige
van Matrise don gafpats
atuxe dom gaspat sijnne wint modeljaer 
Sinnewieva Moeeljan
wederom na Cheijlon te
een d seijlon om politique wigtige zon wetadin heren
senden
gesonden, omme van, nadien ienet sip malt bijste
van heeft weder te laaten derwaerts gaen, is Egrden
O verstaen alvorens 't
na deliberatie betegeaght, alvorens he geijs van dang
Advijs van d Hr. Poriv:
saedt aff te Wagsteed
dd: w:r en sabt ep Toion dant over nader of de waghe
om dat er voord ndest vande Comp:e na de gelegenshiese
bes tijds koude aengelegen wisen
da

dandien de vandeseale op de zijcomtalne bijd
onkosten gemede van goee banima komende ob en
de vaerden voor d’ fficieree
op theijlen, meesen soner
bo sal neiden gerecomnaeed: die deselve, die voor
vel kosen gehouden
Werden
ijsende afficir en on dihane als anders noottndes:t
onren bonder naemwaerdige ongelden entuijgen ds ook
anders geene sucen mogenan moeden werden gengsijnden
Die</Unicode>
            </TextEquiv>
        </TextRegion>
    </Page>
</PcGts>
