3181 4669
-19 251 102 466 5
2859 -32 3085 139 283.
2811 162 3077 309 383
267 522 2369 786 Copag da otonicken of voorttebrengen
2460 653 3128 875 Gt Tine de ne nagie
284 726 2364 931 soude wesen, Insoierheijd omtrent het poinst den
2471 797 3130 915 Sullen d' Heren Paave en
2480 876 3022 972 Abbema in Souratta
247 919 2398 1076 misnagie, voor soo vel 't vespect van de Comp=s in
2507 943 3074 1074 nogh nader besoingieren
253 999 2383 1218 Buratia souw konnen Lijden, geliyck dan oock 124
2459 1017 3135 1194 An ovedi Reghement
2501 1162 3120 1279 van nodige ditnaren aldaer
243 1136 2391 1368 deglement soo van dienaaren als anders, bij pesogutje
270 1336 2481 1510 van 13:e Julij pass=o voort Cormandelse Coupernemen
259 1444 2558 1672 oedl, aldar soo wel als in alle andere gouvernemenden
266 1584 2398 1809 on dircken tot een Borschrift, en nacregit al moegen
257 1729 2408 1940 dienen; en. weswegen emen Eghter uijt supatsa een
268 1878 2529 2128 naeder wel geregueeerd projct tge verwachten, om teselve
267 2058 2146 2258 dan wijders naer bebindinge alhier te approberen
164 2256 2475 2510 Edlijck dan oock is gevesoevert, dat den diiecteur Een
2501 2397 3102 2541 den directeuren sceunde
266 2448 3130 2612 secunde persoon aldaer, sodanigen tractement daerlijcc in souratia sullen Iaerlijx
2473 2576 3110 2671 Soo Weel tractement
232 2579 2413 2764 onisien. &: sullcn gernieten, als den Gouverneur
2443 2637 3143 2778 Genieten als den gouvern:
2527 2702 3144 2837 en Tweede op Lormandel
278 2714 2557 2896 op Cormandel, en den admiistrateur op paliacatta bij
266 2865 2371 3037 degeleght meedende alle de verdere ministers hun
2490 2838 3135 3007 Maerde Woedre minisas
2500 2981 3148 3097 Methaer ordinarij Hant soeme
2515 3047 3049 3168 Moeter te Preden zijn
282 3010 2530 3225 met de ordinarie vansoenen van outs, gestatueert, gedoen;
284 3228 2381 3365 en wilcke priccipaelse in de dijestie, behaeven den
270 3319 2441 3524 dijecteut in geen meer getal en sullen mogen bestaen
256 3507 1679 3698 alh uijt de volgende, 1lamentlijck
2490 3510 3035 3708 Sn ele et
2506 3630 3153 3783 van de Jodige geialisijerde
2439 3650 2528 3764 5
276 3631 3106 3862 Een oppercoopman tot becunde persoon; 't Lij dan dat inn sie n Souratia
2526 3796 2920 3924 en hoe verdeelt
291 3818 2424 3987 denselven gelijck nu een geruijmen tijdt Herwaerts op 't
266 3926 2314 4150 hooft Comptoir bij den directeur blijft tesideren, of
2184 4151 2552 4272 dat men
1849 4380 1921 4500 ap
