3144 4570
-8 1432 63 1527 „
4 594 118 752 d
-1 4194 131 4346 P
2780 110 2976 345 37
219 417 2493 614 hier reets aengebraght zij ofte over weijnige dagen
208 564 2416 744 sal aengebraght worden, maer alleen op de geene
184 700 2428 897 die aengebraght en gelevert zal werden. na het
235 828 2051 1020 eijndigen vande aenstaende maent maert
230 976 2255 1198 Aenden L:o Jaques de Ducquoij, boeckhouder
2430 1085 2984 1284 den beshende gen
225 1156 2466 1350 generael, welcken dienst hijn nu al eenige maenden„
2468 1245 2948 1346 Jaques de bucquoij
2442 1316 2934 1420 156. gl. Smakents
242 1309 2320 1490 tot ons bijsonder: genoegen heeft waergenomen, is
2409 1373 2879 1499 Voor 5. Jaaren
234 1403 2343 1611 goetgevonden op zijn versoeck toe te voegen het
228 1534 2371 1751 ordinare tractement van 150: guldens ter maent
224 1667 2483 1913 onder een verbandt van vijff aghter een volgende
250 1794 574 1989 faeren.
279 1979 2438 2180 nsgelijcks is goetgevonden den Logie boecksouder
2463 2080 3066 2290 Kije Reijerse Lererest
210 2159 3053 2402 Reijer Claesz Reijersen, althans Coopman met Van50. tot 61: gl, 3. jaer
228 2308 2473 2511 50 guldens ter maent; jn die selve qualiteijt toe
227 2445 2446 2645 te voegen, een beloningh van 65 guldens om daer
234 2561 1640 2724 voor nogh drie Iaeren te dienen.
226 2699 2530 2935 soo is mede goetgevonden op het versoeck van Doctor
2527 2752 3028 2943 ten Hemaus
2476 2919 2943 3009 Drem den Hrt
226 2862 3024 3068 Harmanus Grint. desselfs gagie van 60. guldens, te dan 60. tot 90: pb: sm=ts
239 2976 2415 3205 verhogen tot 90. guldens ter maent, hebbende nu
211 3175 2492 3348 zedert eenigen tijt waer genomen. de visite, over de
236 3265 2510 3438 Chirurgie soo binnen als buijten de stadt, mitsgad:
242 3392 2498 3574 de rseede, en bovendien oock aengenomen, te laboreren
769 3511 1198 3611 inedicmalien en
717 3514 793 3598 v
225 3530 2285 3685 alle sodanige chunicalien, als alhier te lande
219 3643 1725 3855 sullen konnen werden gemaeckt.
237 3805 2456 4017 Sana Iansz de Jongs weduwe van Hoost Danielsz.
252 3997 2436 4136 in zijn leven schipper ten dienste der E: Comp:s
2239 4128 2421 4244 als
