3123 4611
14 311 101 446 5
47 70 149 203 2
259 412 2346 618 Diyjdagh 13:' aij 1678.
368 1007 2509 1220 en predicant Jacobus Maxwpel, anno passado, van
214 1185 2369 1332 cheijlon herwaerts opgekomen, en 4:e Ianuarij laest,
2339 1228 2392 1321 „
150 1258 2401 1422 leden mits desselfs weijgeringe omme na Banda. te
2400 1266 2505 1386 —
219 1376 2452 1550 vertrecken) zijn gagie afgeschreven wesende, heeft
213 1501 2532 1625 als nu jn raade eerbiedigh versoght; dat die weijgeringe
204 1593 2512 1744 door sieckte als andere quade toerallen, jn zijn familie
204 1716 2577 1875 toenmaels veroorsaeckt bij ons moghte werden overschoont
200 1800 2440 1980 en hij alsoo wederom herstelt werden, waer op na
213 1907 2392 2075 deliberatie, ende de goede getuijghnisse die andersns
2440 1909 3098 2151 e dee dens
214 2012 2361 2155 van zijn persoon wert gegeven, verstaen zij; zijn
2464 2098 3110 2220 Maxwel wederberoepels
218 2129 3102 2274 eerwaerde van heden aff weder beroeplijck te stellen gestelt, en sijn gagiete
2382 2251 3005 2389 Haten Inschrijven
223 2225 2324 2404 en zijn gagie te laten jnschrijven, omme wijders
205 2354 2371 2514 oock op eijgen aenbiedinge, en met communicatie
15 2418 2324 2632 des kerken raadts, met de gereede schepen, een
2459 2516 3085 2679 Omm voor eerstop de
189 2583 2444 2722 toghje na de Bestcust van Sumatra, te doen ende
2469 2661 3122 2744 Westcust de Satramenten
2486 2720 3050 2846 te gaen bedienen
12 2678 2481 2900 de Heijlige sacramenten, aende Christelijck gemeijnte
213 2790 2464 2984 aldaer te bedienen, als wanneer dan 1' zijner weder„
207 2908 2434 3089 komste alhier, op desselfs emploij nader zal werden
217 3017 542 3160 geeets.
204 3140 2450 3332 Nadien voegens onse resolutie van den 3:e deser de
201 3305 2492 3479 borger en andere particuliere vaert naer Palmbangh
214 3422 2489 3552 om verscheijde dienstige consideratien, goetgevonden
205 3498 2480 3655 is jnt geheel te verbieden, en voor de Comp:e alleen
217 3633 2474 3781 te reserveren soo heeft den malacx borger BBarent
201 3684 2488 3891 Jacobsz: die onlangs voor gemelte onse ordre van
96 3821 2389 3982 Daer hier verschenen zij, en nogh een goede somme
206 3927 2500 4131 aen penningen op leverantie van peper &:a uijtstaende
2167 4059 2503 4232 gelaten
2873 -5 3077 191 109.
2969 169 3049 300 6
