3118 4670
249 3044 382 3189 e
661 481 2522 710 hen verbemes ont huijm erodes en venot, die mee
626 633 2459 756 eengh zijn neet gevallen, deenkmede de vegetingh en de
648 714 2323 866 en met de balckengeingt: P: den eoten oelden
1005 809 2406 963 at welpe les detwet den vergant is daa
503 908 2451 1051 oormi aonders lbve gesteld, dat bij naesoudien
1073 1005 2407 1120 aaegeeluijck balmnsgeds
1679 1104 2335 1233 atijd orsaeke van
470 1117 1393 1262 werden, om aldaer mitges
1189 1214 1571 1323 de ons
526 1279 2302 1454 inde mede de vas te ewijd van eschip den biinnen booon
496 1391 2218 1562 e 2: buimen affgeogmegaende zijn
549 1425 2497 1646 ck wede eusteden los, diegmot de egebetiet Hen deweder
1820 1568 2420 1708 en heveen vande
915 1584 1772 1742 a heese gejee v
521 1683 2400 1822 eren dacrop aarende; de swaare vonhouten daer op
918 1783 1702 1920 en degele ondeiee
988 1862 2467 2027 dewmer kiende bodem gedeel ontegia
527 1945 2534 2125 de sijn om eenigen dienst voor d EComp meerder tekunnen doen
2286 2033 2468 2163 as n
563 2040 2156 2206 deenn daeren derimmert werden, desen
732 2142 2462 2295 t kende voor zonden snedenen oock 10s vaegeen
563 2293 1171 2421 ind is voorome
503 2298 2584 2528 Alledoene voorsz staet versihandeli: alsoo gesien, en beonden de hebben
485 2439 2532 2629 Batavia Aij 6: december A: 1673. voor geekende I: Aeus
451 2569 2226 2748 Jan de goud: Cerh: deroets, tan versluuw Cra
524 2702 2006 2892 n al
590 2823 2459 3029 Wo der aldsehren sjn et ondre Vatden Ed: Her
595 2961 2477 3137 scheeff van goens gouderneur deneerbe h: d : Boeden
752 3093 2391 3255 de van Indie dince en gecommitaert, omme
596 3091 2568 3334 daastje de sortuijn tegaen desien Boedanigh dat van bequamed
646 3265 2381 3427 En gestalte moerte dzen; tweecke door ons ondergesz: me
543 3369 2545 3516 geede gedaed is, en dselve vaonden Hoorn geconditene
583 3506 1153 3655 detzen als solcht
552 3536 2500 3750 de voors sean van genoemde sagtije is gebreelos, en mietstijken
563 3680 2529 3826 zenden anderen bangende, die oock geseel onbequaem, en vande
572 3780 2464 3934 ten is opgegeten, gelijk mede de gedelebusn uijd, die
544 3891 2566 4030 gelijx water, als oock laagr, En soo derre als hebben sijgen sien
2272 3996 2506 4128 vande
2389 4112 2448 4231 5
1827 4334 1991 4513 413
2842 32 3047 211 279:
