3056 4630
103 736 178 882 1
2759 17 3001 148 223.
2715 151 2995 291 223.
173 520 2394 703 Admiraes Anthoujo Bundlj na den waerts verstaen
2398 583 2947 744 Geschepen Tampson
2401 707 3036 794 Voorhout en Swaen, net
166 681 2241 856 de scheepjens Tampson voorhout, en vliegendit
2381 767 3061 882 Partije Inlandz militie
171 780 2348 958 swaen binnen 4a 5. dagen voor aff na Iapare
2405 833 3066 969 vor aiff na -apora tesinder
185 903 2339 1003 te laten voortgaen; met soo veele den geordonn
195 993 2355 1181 Jnlandse militairen, als er maer eenigsins sullen
167 1098 788 1278 gereet zijn E:
137 1269 2331 1491 Haer gedanrs rapport dat het stuck Lants, van
181 1462 2463 1623 d'E: Martinus Casaer, aende mondt der Ancnolse
169 1563 2263 1731 rivier, waer van op 13:e deser is gesroken. tot
2247 1518 3064 1700 Een Stucklant tot Eerplgt
2380 1666 3045 1758 „singe van t lazarix Huijs
169 1676 2307 1849 voer plaatsinge van het Lascrus huijs, volgens onse
2406 1733 3001 1833 bij Antchiol gekoght
156 1773 2247 1928 gegeve licentie zij gekoggt voor de somma van
2444 1805 2983 1940 Voor 2700 Rfss
184 1879 2361 2002 2700: rp:s soo zijn althans in vergaderings ver
187 1981 2128 2131 schenen, des Regenten van voorschreven
179 2117 2367 2286 Zazarus huijs, met den fabrijck Adriaen de zeener„
188 2242 2493 2411 om aenwijsinge te doen zoodanigh de nodige zuijsingen
190 2344 2292 2530 en verdere dependentien, voor die vlendige
205 2442 2431 2632 menschen aldaer, nu op ’t bequgemste souden konnen
2435 2513 3036 2737 n leprobatie vande
195 2559 2451 2713 werden gewmaeckt't welck dan naer het project
2449 2667 3031 2768 Huijsingen aldaer de
183 2678 2445 2846 kaartie, daer van verthoont, goet gevonden zij sodanige
2465 2727 2981 2815 maken na't Project
2456 2792 2905 2873 Onder de sorge der
193 2760 2303 2901 te approteren, ende de verderis voortganck, en
2433 2849 2914 2945 Regenten met
2456 2907 3005 3020 Comminicatie van
192 2875 2352 3058 voltoyinge van dien geeltet Regenten, net
2459 2980 2779 3099 Schipenen
141 2980 2422 3150 kennisse van heeren schepenen, aenbevolen, te laten
202 3096 2455 3301 als die met hun over de collecten, daer toe te doen
176 3213 1974 3442 oock nader sullen konnen besoigneren.
68 3377 2427 3626 telijck dan mede verder onse Intentie zij, omme
115 3560 2344 3719 nogh seker daer bij gelegen stuckje Landt den
2417 3570 3066 3758 Vigs en Skj lant
188 3645 2405 3794 borger Joseps elingerlandt: toebehorende, ’t zij voor
2453 3716 3065 3829 bij t nieuwtasaasus Huij
2427 3794 3052 3906 aen te nemen om deselfs
206 3781 2406 3975 dE Comp:e off gemelte Lazarus huijs: in eijgendom
2416 3870 3057 4018 Susperthieijt Van Juijhulj
211 3890 2408 4080 te doen overnemen, om redenen van suspitie, eenigen
179 4012 2356 4172 sluyckerijen, die daer somwijlen, jnt bergen van
205 4091 2372 4243 particuliere goederen uijt de schepen als anders
2199 4209 2491 4340 3ouder
