3132 4677
-3 547 61 686 2
2834 -5 3041 121 175.
2825 166 3045 308 145
123 324 2463 661 Lijnsdagh 28:e Junius 1678.
225 1075 2405 1258 Staet met request jn dese vergaderingh binnen den
2436 1114 3068 1288 Request van den borger
229 1210 2412 1327 vrij coopman Pieter sijmons, hebbende lange jaeren na zyn komste
2439 1236 2980 1356 lantreijsiger Pieter
2442 1314 2659 1427 Timon
219 1305 2385 1419 „te lande uijt Europa, jn India op Cormandel, ende laestelyck in
186 1419 2428 1546 Dengale, op sigh selven gevaeren, alwaer sij dan eijndelyck.
144 1510 2458 1625 jnden jaere 1674: met zijn scheepje genaemt Dinnelepatnam
231 1564 2442 1740 ten tijde vande p:r gesaghebbers, Iacob Perburgh, en Harman
206 1661 2453 1813 fentzel, aenkomende, op zijn samentabel versoeck omtrent de
192 1791 2476 1904 mooren &:a als een onderdaen van onsen staet wiert geprotegeert
246 1892 2384 1986 dogh kort daer op tegens alle cincere, en hoge gedane beloften zijn
233 1948 2459 2104 gemelte scheepje, aende engelse toenmaels, onse openbare vijanden, heeft
254 2029 2495 2150 verkoght, op de naem, en onder voor geven van seker moors Coopman, manuts
240 2116 2530 2245 madabeck, die nogstans, selfs verclaerde sulx absolut, onwaer, en eenlijck
236 2215 2534 2336 het transport, op zyn naem, ter contemplatie van de Engelsz, en hem Simons
2408 2329 2487 2399 —
255 2310 2417 2448 geschiet te wesen, deshalven het selve scheepje te dier tijt, niet veele
2432 2391 2513 2487 _
249 2390 2460 2517 moeijten, jnde Bengaelse rivier, van d’ Engelse Logie, wiert aff, en onder
258 2506 2484 2626 onse maght gehouden, en al vrij wat onkosten van repareren, aen gespendigert
265 2563 2462 2699 wanneer sij Pieter sijmons, sigh sonder kennisse, als veugstigh van Iuglij
260 2688 2431 2777 n 't hoff in Decca quam te begeven, en alwaer denselven omtrent den
241 2724 2483 2872 Nabab Cha-Etachan kh:r de Comp:s oock al veel moeijlijckheijt toegebraght
271 2838 2335 2944 en nogh 800 r/a tot betalinge een zyner schulden, met geweet
267 2896 2379 3044 gekost heeft; ende nadersant met de komste van de H:r directeur
234 2992 2461 3145 frincois de Haze zal: in Bengale gem:t zijn scheepje, op de gedane
229 3070 2505 3239 aenbiedinge niet weder willen aenvaerden, noghte oockvolgens de toen„
272 3182 2546 3311 naels van hier gegeve ordre zyn pretentie inder billickheijt afmaken, maer
268 3281 2470 3388 ter Contrarije moetwillighlijck, dat zijn bodempje, jnde rivier de ganves
271 3349 2518 3480 alsoo voort verwaerlooft, en t'eenemael laten vergaen, weswegen sij dan nu
2490 3388 3066 3545 met Versoek om vergoedin
287 3440 2484 3563 jn feb: pass:o p:rs ’t schip goetbegin, met licentie vande H: Direct: 1: volgen, uijt
2505 3510 3095 3631 Van geleden schaade in
221 3541 2466 3625 Bengale overgekomen zijnde, al diverse malen, om vergoedinge van zijne
2496 3585 2749 3717 bengale
281 3600 2417 3738 daer bij geledene schade heeft versoght, en dewelcke sij al mede vrij hoogh
2396 3707 2462 3810 —
288 3719 2410 3831 schijnt te begrooten, waer op gedelibereert, en oock bij een deductie van den
292 3782 2442 3895 nieuw, geeligeerden Dengaelsen directeur, dE Jacob verburge, nu jn't brede
297 3893 2502 4006 pertment nader onderrightwesende, soo wert geoordeelt en verstaen, dat zij
290 3979 2540 4074 de Comp:s in Bengale, soo omtreent de moorse regenten, als anders niet dan
290 4045 2492 4145 tot een schadelijck jnstrument, gestreckt, en self getraght heeft met geme.
2549 4086 3142 4243 die als ongesondeert buijt
295 4116 2525 4229 siuistre verkoop zijner scheepje, toenmaels aen d’ Engelsen; haer van Comp:s
2608 4204 3119 4304 nogh andere Redenen
288 4212 2579 4308 kleene vaertuijgen ginder op de tanges, te konnen doen meester werden behalven
2583 4260 3143 4364 van zijn schadelijk gedoe
88 4296 2547 4393 s dat oock zijne pretentie op de Comp:e buijten dien t'eenemael, ongesondeert wert
2576 4332 3128 4445 tenemael wert afgeweg
289 4375 2628 4504 gehouden, en waerom eenparigh zij geresolveert, hem mitsdesen absoeut en t' eenemael
2384 4456 2691 4569 aftewijsen
2500 4504 2664 4634 2
