3137 4618
5 224 185 534 1
2855 32 3079 212 935.
2788 195 3051 367 235
508 380 2321 720 Sijnsdagh 26:' Julij 168
246 1172 2436 1398 unue jn plaets van de Hd: Constantin thobel
278 1308 3115 1480 zo: de beschrijvinge met de jngenwoordige besending  W: Campbuijs de
2459 1410 3106 1586 teshrgnige van bingalen
271 1408 2442 1590 na Bengale te doen is versogst, en gfecommitt:s
2464 1496 2683 1615 aenbere
189 1492 2453 1667 de Hr: Extraord: raadt Joan: Camphuijs, tot dat
257 1644 2439 1802 ons Collegie wederom, met de verwagste, heeren
254 1692 1989 1898 ordnarij raaden zal wesen versterckt;
402 1832 2405 2091 en naerdien bij een briefken op leden van d’onse
271 1984 2441 2158 tot Danjer massingh, over Dantam, ontfangen
2477 2035 3120 2212 Sndeeren tet hervang van
269 2102 2478 2281 komt te blycken, dat de fluijt yselstejn, seer reck ende
2488 2160 3028 2272 Offelsteijn na banjer
181 2221 277 2339 E
2508 2237 3017 2345 mafsingh te senden
259 2198 2507 2379 den verderen jnsaem van peper nogh jn 2 a 3 maend
2490 2299 3074 2411 met nogh 4000 k: R=or
255 2328 3033 2488 eerst van degen voor de hant was, soo is goetgevonden tottn Pperhandel
245 2422 2502 2625 de fluyt Buuren, tot vervangh van Esecsteijn, der„
263 2529 2235 2712 waerts te zenden, met nogh: 4000: Contante
245 2606 2388 2834 paense realen, omme tegens de aenstaende retour
273 2770 2399 2935 vloot ons met soo veel peper bij te komen, als er
260 2830 2092 3036 eeniger maten zal wesen te bemaghtigen
401 2997 2470 3209 omne 't Comptoir Andrigirij, ’t welck voegens
254 3190 2554 3297 resolutie van 23. Junij weder onder ons, alhier respondabel
249 3253 2462 3404 zij gestelt. vande nodige kleden, als andere goederen
253 3352 2380 3512 te voorsien, en met eenen den geeerden peper als ’t
241 3460 2296 3589 jngesamelde gout, van daer tijdigh her waerts te
243 3511 3075 3715 brengen, is na derwaerts aengelejdt ’t Iaght degekogte van dbrave
2436 3621 3073 3727 Copnmnn aengelejt na
229 3607 2778 3827 BBatavise Coopman, den 20e: desen vanden borger Andraurj
226 3738 2527 3915 Abraham Htruys alhier ingekoght. en om op die rivier
231 3830 1833 4033 te gebruijcken dienstigh geoordeelt.
236 3954 2404 4188 De heeren Joannes Comphuijs, en Jacob Jonisz pits
17 4108 2405 4302 op 5e: deser gecommitteert, omme eens nader te
2124 4239 2543 4404 resumeren
