3157 4586
89 4240 190 4391 0
2846 -200 3064 98 331
2773 149 2986 359 2a
228 462 2531 727 ousnden om Toen: geneten sabanda de hetabanlen
2470 564 3065 829 dEefuijke en Sucmp:
219 653 2882 818 en een ont setrouw Inlands dienaer van de Comp: sijnden wn gladet e
2469 779 3081 923 se van den overleden
559 777 2443 945 w borte den ongen dom Joan nagelaaten hebben
2460 887 3058 1005 Sabandaer don Ioan
2484 960 3100 1121 tot elombo Giapprobeert
223 909 2453 1100 en sonder des sament gestorven sijnde; soo hebben den gouv
211 1061 2431 1237 van secde ondeordie versoede wegens desselfs Drffenis te
213 1202 2461 1395 als zeigt Dgenaeminde helf van Synemiddelen na
222 1348 2466 1537 deoude gewoonte onder den nlanderen aldaer gebruijkelikck
229 1491 2340 1737 diwaerdoe advis van eenige tegtsgeleerde uijt den
232 1647 2476 1841 agtbbrante waadt van vistirie deses Casteels Ingenomen
223 1829 2306 2006 sijnde: is gaed gereidsn die Effeuit Ee: onbock bijns
238 1957 2342 2163 succssiein des vaders plaetse met onse approbatie te
192 2122 826 2316 bekragedigen
173 2263 2442 2506 Ein das he ben en gin Ean boit uijt hijg oadersouit
2444 2361 3113 2565 Hele van Mendaue
228 2400 2462 2588 Genemael sij afgeschreven als hier vooren bij  oludie
2461 2530 3113 2642 Op Keijlon Voortren hal
243 2529 2746 2741 van 50:' pass=o. 1: db taet aengestaelt; ts vers chen die tolaten
241 2667 2513 2881 van Cslen buf mede aen te schrijvers, en deef der faeseh„
217 2827 2500 3033 het sacken pa't selve aldaer vooraen mede sullen Bobban
251 3005 1458 3208 af te schaffen en nae te laaten
279 3112 3110 3312 n: soomede en duure Canarasen tijs Coolangemen erook en buren Canarasen
2470 3265 3014 3372 Tlijs na vermogen te
2569 3336 2874 3464 Exriseren
248 3280 2010 3478 die han: misden weremogen de Excusee
290 3479 2410 3718 tijders is nogh geresolveert den h: ouv:r en taadt
264 3618 2450 3823 op Ceijlon te ordonneren, dat sij voortaen van daer hende
284 3716 3105 3937 Heerenmaijores in Naderlant geen aaote matenen diesunssheben sulen
2455 3888 3055 4008 Poortullen geen Bootffellen
2452 3954 3120 4067 van belang nat Cadeslant
272 3924 2458 4145 ofte voord Eellinget van Eedigh belorigh bevaeckende
2462 4034 2865 4180 hebben doen
2218 4093 2440 4220 dat
