3021 4594
54 1 217 165 196
2684 203 2768 340 1.
125 218 310 435 196
525 473 2993 708 des raats goet overlegs sullen aenbevolen laten; terwijlen
583 650 2934 814 dat dan met de voorsz. uijtsettinge en expeditie. soo veel
616 773 2792 937 tijt zal werden gespoeijt, als Immers, mogelijck is
81 794 656 985 M Gman it
605 890 2973 1038 ende bij de heeren directeur generael, peelman met
25 918 621 1058 d H: Shiest over de
27 1014 688 1156 notige Poitein berws
680 1009 2912 1136 H:r hurdt tesamen gebesoiqneert, tot sodanige pounten
55 1078 516 1241 te besongieren
2816 1115 2920 1219 „ rs
585 1121 2859 1321 als men in raade van India, gesamentlijck, verder zjde
603 1239 2941 1426 nodigh aghten, tot jnstructie en memorie derwaerts.
608 1369 2153 1576 te sullen dienstigh bevonden werden.
647 1539 2757 1751 Sune een achnvanck te maecken en de Comp:e te
600 1732 2741 1889 ontlasten, van eenige hierledigh gaende, en onnutte
21 1685 605 1887 14: d „ nbegen ne
37 1867 2875 1985 ledigh gaende Pemsan dienaeren, soo is na examnatie daer op gedesoeveert
15 1921 685 2076 Hun Jagie afteschrijven
615 1924 2907 2109 voor eerst de volgende personen haer gagie te laten
607 2040 1312 2249 afschrijven als
599 2172 1980 2380 tnstavus Jansz . . . . . . . . . . . . . . . . . ..
613 2314 1966 2487 Cornelis van Heijningen kogiers zoon
2052 2355 2716 2543 ondercooplieden
607 2435 1574 2597 Salomon de Ridder.
590 2546 1554 2712 Leendert palings . . -
604 2665 1891 2867 hristoffel Cnollaert . . . . . . .
1981 2687 2060 2828 1
2043 2669 2673 2914 Doeckhouders
610 2806 1976 2929 Pieter Martier - - - - - - - - - . . . .
595 2913 1947 3059 Subertus Blocque . . . . . . . . . . .
2054 2947 2555 3161 Adsistenten
613 3030 1984 3202 Joannes foos - - - - - . . . . . . . . . . . . . . . . . . . .
611 3139 1838 3307 Jacobus tlooel Jough adsistent
614 3232 1897 3428 Joannes Ruijs p:r Boeckhouder
609 3405 2834 3624 Alsoo den predicant Caroeus Mlatnteau, op 17e. December
626 3593 2784 3755 voorleden jaers (mits zijne weijgeringe om naer
599 3645 2957 3839 Ternaten te gaen, zyne verlossinge na het Vaderlandte
617 3814 2958 3980 toegestaen zijnde; mits soo lange jn suspens, en sonder
612 3905 2837 4086 gagie blijvende, tot hij zijn familie uijt Banda.
629 4036 2844 4219 soude hebben overgehaelt; en van waer hij nu dees
2560 4155 2877 4312 dagen
