3063 4483
52 -2 231 149 116.
1915 103 1981 217 1
57 211 208 392 116
3016 401 3075 523 5
683 368 2859 560 naer desen sal moeten werden geeffectueert op vane dat
664 519 2976 650 die datr inne komen te mancqueren, en nalatigh bevonden
665 618 3072 801 werden, boven een pecuniele amende egster gehden:o
669 738 2944 876 gehouden sullen wesen het kostende van dien te betalen, —
662 819 2864 979 jnvoegen als sullx dan tot haeren laste ter ordre vanden
658 923 2844 1119 heer sal werden opgemaeckt, en besorght Batavia
657 1036 1841 1236 In't Casteel 20:e Maij 1678.
683 1191 2779 1375 Alsoo den E: Jacob vander Naeijen No 1675:
21 1219 646 1378 d’'E Mob Vode
41 1352 650 1461 waijen op zijn versoek
683 1362 2835 1512 Hier aengelandt met het jaght den Alexander uijt
16 1409 658 1560 naer 't patria verlost
679 1465 2986 1614 het Vaderlandt voor oppercoopman, met ƒ 100: en p:s
625 1537 2795 1718 zedert den 24e: Augusto. ano passado, geemploijeert,
1768 1673 1957 1750 Jaer 1
683 1669 2764 1830 als een ordinair sith, jnden aghtbaren raadt van
674 1786 2961 1943 Justitie deses Casteels, eerbiedigh heeft doen versoeken
658 1888 2890 2039 lifentie te mogen optineren, om met zijn jongst getroude
671 2009 2701 2169 Huijsvrouw Maria de Desche, per d'aenstaende
666 2119 2693 2265 aftegaene retour vloot, wederom na ’t patria te
668 2230 2775 2386 mogen retourneren; is goetgevonden zijn E: sulcks
658 2334 1207 2522 toe te staen;
447 2562 2793 2786 Batavia int Casteer aatum als voren
2147 2753 2809 2990 Van goens
2125 2972 2837 3168 Corn, Tubmak
2197 3109 2403 3223 B
2076 3248 2978 3476 W Van En Choor
2746 3368 2951 3496 Eg
2163 3469 2964 3690 Van Camphijs.
1968 3850 2219 4035 B
1832 3961 2278 4120 P
