<?xml version="1.0" encoding="UTF-8" standalone="yes"?>
<PcGts xmlns="http://schema.primaresearch.org/PAGE/gts/pagecontent/2013-07-15" xmlns:xsi="http://www.w3.org/2001/XMLSchema-instance" xsi:schemaLocation="http://schema.primaresearch.org/PAGE/gts/pagecontent/2013-07-15 http://schema.primaresearch.org/PAGE/gts/pagecontent/2013-07-15/pagecontent.xsd">
    <Metadata>
        <Creator>prov=University of Rostock/Institute of Mathematics/CITlab|PLANET AI GmbH/Gundram Leifert/gundram.leifert@planet-ai.de:name=Dutch Mountains (18th Century)(htr_id=21683)::::v=2.6.6
prov=University of Rostock/Institute of Mathematics/CITlab|PLANET AI GmbH/Tobias Gruening/tobias.gruening@planet-ai.de:name=de.uros.citlab.module.baseline2polygon.B2PSeamMultiOriented:v=2.6.6
prov=University of Rostock/Institute of Mathematics/CITlab|PLANET AI GmbH/Tobias Gruening/tobias.gruening@planet-ai.de:name=/net_tf/LA73_249_0mod360.pb:de.uros.citlab.segmentation.CITlab_LA_ML:v=2.6.6
Transkribus</Creator>
        <Created>2020-09-07T17:37:34.844+07:00</Created>
        <LastChange>2020-09-07T17:50:27.727+02:00</LastChange>
        <TranskribusMetadata docId="471980" pageId="19528842" pageNr="577" tsid="39456146" status="IN_PROGRESS" userId="15017" imgUrl="https://files.transkribus.eu/Get?id=DXOGDVWITPBLBRQSCXJRJBKS&amp;fileType=view" xmlUrl="https://files.transkribus.eu/Get?id=XUNJLERAVUKQABIUBHQYJUED" imageId="15088679"/>
    </Metadata>
    <Page imageFilename="ID-ANRI_K66a_890_Register 69.jpg" imageWidth="3126" imageHeight="4487">
        <ReadingOrder>
            <OrderedGroup id="ro_1620456182946" caption="Regions reading order">
                <RegionRefIndexed index="0" regionRef="r1"/>
            </OrderedGroup>
        </ReadingOrder>
        <TextRegion orientation="0.0" id="r1" custom="readingOrder {index:0;}">
            <Coords points="27,214 27,4117 2987,4117 2987,214"/>
            <TextLine id="r1l1" custom="readingOrder {index:0;}">
                <Coords points="2648,297 2714,290 2775,315 2812,298 2845,303 2853,135 2791,129 2776,139 2740,141 2715,121 2703,132 2693,124 2674,138 2655,137"/>
                <Baseline points="2669,264 2695,268 2722,269 2748,269 2775,269 2801,270 2828,278"/>
                <TextEquiv>
                    <Unicode>69</Unicode>
                </TextEquiv>
            </TextLine>
            <TextLine id="r1l2" custom="readingOrder {index:1;}">
                <Coords points="628,438 682,447 707,307 654,294"/>
                <Baseline points="651,416 668,419"/>
                <TextEquiv>
                    <Unicode>5</Unicode>
                </TextEquiv>
            </TextLine>
            <TextLine id="r1l3" custom="readingOrder {index:2;}">
                <Coords points="930,487 1084,485 1213,529 1439,478 1702,469 1692,162 1466,199 1429,163 1356,184 1318,149 920,161"/>
                <Baseline points="948,470 984,468 1021,468 1058,468 1094,468 1131,467 1168,467 1204,467 1241,466 1278,465 1315,465 1351,464 1388,462 1425,461 1461,459 1498,457 1535,455 1571,453 1608,449 1645,446 1682,443"/>
                <TextEquiv>
                    <Unicode>Peoder</Unicode>
                </TextEquiv>
            </TextLine>
            <TextLine id="r1l4" custom="readingOrder {index:3;}">
                <Coords points="10,662 2969,671 2968,517 9,549"/>
                <Baseline points="27,647 173,645 319,642 465,640 612,638 758,635 904,633 1050,630 1197,629 1343,626 1489,624 1635,623 1782,621 1928,620 2074,618 2220,618 2367,618 2513,620 2659,621 2805,623 2952,626"/>
                <TextEquiv>
                    <Unicode>28. d:o Op datumen van alle ind genissen berwesen na desen magh blijven bevrijdt. f:o 501.</Unicode>
                </TextEquiv>
            </TextLine>
            <TextLine id="r1l5" custom="readingOrder {index:4;}">
                <Coords points="288,772 2051,711 2362,766 2533,712 2533,646 287,658"/>
                <Baseline points="306,738 416,736 527,734 637,731 748,728 858,726 969,723 1079,722 1190,719 1300,717 1411,716 1522,714 1632,713 1743,711 1853,711 1964,710 2074,710 2185,710 2295,710 2406,710 2517,710"/>
                <TextEquiv>
                    <Unicode>de vaderlandze Cramerijen Hierbij de packhuijsen te verkoopen, Voor ’t geenze</Unicode>
                </TextEquiv>
            </TextLine>
            <TextLine id="r1l6" custom="readingOrder {index:5;}">
                <Coords points="2655,785 2710,800 2768,789 2794,807 2863,785 2896,811 2984,822 2984,679 2925,676 2834,708 2808,683 2783,686 2728,719 2655,737"/>
                <Baseline points="2673,776 2699,777 2726,777 2752,777 2779,777 2806,777 2832,777 2859,777 2886,777 2912,777 2939,777 2966,777"/>
                <TextEquiv>
                    <Unicode>„ 502.</Unicode>
                </TextEquiv>
            </TextLine>
            <TextLine id="r1l7" custom="readingOrder {index:6;}">
                <Coords points="625,873 1794,808 2113,839 2215,800 2214,730 1862,716 1790,761 1723,718 1618,768 1302,723 1033,773 889,728 623,781"/>
                <Baseline points="641,828 718,825 796,822 874,819 951,818 1029,816 1107,815 1184,813 1262,812 1340,810 1418,810 1495,809 1573,807 1651,806 1728,805 1806,803 1884,801 1961,799 2039,797 2117,793 2195,789"/>
                <TextEquiv>
                    <Unicode>mogen gelden, om de Comp: daer van te ontlasten - -</Unicode>
                </TextEquiv>
            </TextLine>
            <TextLine id="r1l8" custom="readingOrder {index:7;}">
                <Coords points="2653,914 2733,922 2759,912 2803,938 2868,927 2894,942 3000,947 3001,816 2961,822 2914,785 2895,800 2863,785 2800,806 2782,798 2716,831 2654,815"/>
                <Baseline points="2672,902 2697,903 2723,903 2749,903 2775,903 2801,903 2827,903 2852,903 2878,903 2904,903 2930,905 2956,906 2982,908"/>
                <TextEquiv>
                    <Unicode>„ 503.</Unicode>
                </TextEquiv>
            </TextLine>
            <TextLine id="r1l9" custom="readingOrder {index:8;}">
                <Coords points="14,1035 294,942 555,996 2138,925 2063,816 1936,881 1518,819 985,890 11,859"/>
                <Baseline points="32,954 136,954 240,953 345,951 449,950 554,947 658,945 763,942 867,939 972,936 1076,935 1180,932 1285,930 1389,929 1494,926 1598,926 1703,924 1807,924 1912,924 2016,925 2121,926"/>
                <TextEquiv>
                    <Unicode>29. d:o op de feguesten om verbeteringen uijt banda overgekomen</Unicode>
                </TextEquiv>
            </TextLine>
            <TextLine id="r1l10" custom="readingOrder {index:9;}">
                <Coords points="321,1103 2497,1035 2618,1096 2637,905 2430,971 319,975"/>
                <Baseline points="339,1055 453,1052 567,1050 681,1047 795,1046 909,1044 1023,1042 1137,1040 1251,1038 1365,1037 1479,1035 1593,1034 1707,1032 1821,1030 1935,1028 2049,1026 2163,1025 2277,1023 2391,1020 2505,1018 2619,1016"/>
                <TextEquiv>
                    <Unicode>den opperkoopman Joan: keijts gestelt tot Abzoluijt Jcoune Persoon. En</Unicode>
                </TextEquiv>
            </TextLine>
            <TextLine id="r1l11" custom="readingOrder {index:10;}">
                <Coords points="645,1215 940,1133 1080,1186 1353,1130 1490,1183 2027,1156 2026,1068 1670,1037 1280,1084 1158,1049 1038,1103 738,1053 643,1083"/>
                <Baseline points="662,1140 729,1139 796,1137 863,1136 931,1134 998,1133 1065,1130 1132,1128 1200,1127 1267,1125 1334,1124 1401,1122 1469,1122 1536,1121 1603,1121 1670,1119 1738,1119 1805,1119 1872,1121 1939,1121 2007,1122"/>
                <TextEquiv>
                    <Unicode>verbetert tot 90. gl smaents voor 3. Jaets  . ..</Unicode>
                </TextEquiv>
            </TextLine>
            <TextLine id="r1l12" custom="readingOrder {index:11;}">
                <Coords points="2656,1279 2678,1277 2685,1281 2710,1265 2751,1267 2745,1161 2727,1162 2719,1155 2695,1174 2676,1171 2669,1164 2650,1165"/>
                <Baseline points="2670,1215 2700,1215 2730,1212"/>
                <TextEquiv>
                    <Unicode>„</Unicode>
                </TextEquiv>
            </TextLine>
            <TextLine id="r1l13" custom="readingOrder {index:12;}">
                <Coords points="311,1280 2451,1250 2448,1151 2217,1139 1265,1219 1168,1159 741,1203 541,1124 308,1174"/>
                <Baseline points="329,1256 434,1257 539,1259 644,1259 749,1257 854,1257 959,1256 1064,1254 1169,1251 1274,1249 1379,1246 1484,1242 1589,1239 1694,1236 1799,1232 1904,1227 2009,1224 2114,1220 2219,1215 2324,1211 2430,1206"/>
                <TextEquiv>
                    <Unicode>den Predikant Alepander Carpins van 80. tot 100. gl smaents verbetert</Unicode>
                </TextEquiv>
            </TextLine>
            <TextLine id="r1l14" custom="readingOrder {index:13;}">
                <Coords points="302,1388 1311,1367 1455,1427 1860,1343 2336,1408 2522,1376 2520,1237 1632,1311 300,1271"/>
                <Baseline points="320,1367 429,1365 538,1365 647,1364 756,1364 865,1362 974,1362 1083,1361 1192,1359 1301,1358 1411,1356 1520,1353 1629,1352 1738,1349 1847,1347 1956,1344 2065,1341 2174,1338 2283,1335 2392,1331 2502,1328"/>
                <TextEquiv>
                    <Unicode>Johannus de Hartogh Hooft op Louthoir van 50. tot Coopman met 60: gl</Unicode>
                </TextEquiv>
            </TextLine>
            <TextLine id="r1l15" custom="readingOrder {index:14;}">
                <Coords points="650,1501 777,1471 859,1501 888,1485 932,1513 1052,1465 1159,1491 1205,1471 1203,1394 1115,1386 1002,1408 946,1377 899,1401 808,1397 648,1435"/>
                <Baseline points="668,1466 693,1465 719,1464 745,1464 771,1463 797,1462 823,1461 848,1460 874,1460 900,1458 926,1458 952,1456 978,1455 1004,1454 1029,1454 1055,1453 1081,1452 1107,1452 1133,1451 1159,1450 1185,1449"/>
                <TextEquiv>
                    <Unicode>na tijts Expiratie</Unicode>
                </TextEquiv>
            </TextLine>
            <TextLine id="r1l16" custom="readingOrder {index:15;}">
                <Coords points="306,1598 1790,1568 2007,1627 2485,1554 2447,1419 1819,1498 1287,1444 1047,1528 304,1448"/>
                <Baseline points="323,1566 430,1568 537,1569 644,1569 751,1569 858,1569 965,1569 1073,1569 1180,1568 1287,1568 1394,1566 1501,1565 1608,1562 1715,1560 1823,1557 1930,1554 2037,1550 2144,1547 2251,1542 2358,1538 2466,1533"/>
                <TextEquiv>
                    <Unicode>Jacob Juriaens, secet: van den Gouv:r en Haet, ondercoopman Ende 40. ge</Unicode>
                </TextEquiv>
            </TextLine>
            <TextLine id="r1l17" custom="readingOrder {index:16;}">
                <Coords points="2737,1688 2777,1680 2873,1692 2909,1673 2960,1672 2957,1537 2924,1545 2895,1538 2881,1553 2851,1554 2841,1565 2822,1554 2786,1584 2735,1593"/>
                <Baseline points="2754,1659 2780,1655 2807,1652 2833,1652 2860,1652 2886,1652 2913,1652 2940,1653"/>
                <TextEquiv>
                    <Unicode>504:</Unicode>
                </TextEquiv>
            </TextLine>
            <TextLine id="r1l18" custom="readingOrder {index:17;}">
                <Coords points="303,1695 2241,1712 2453,1674 2452,1575 1952,1634 1512,1571 302,1600"/>
                <Baseline points="321,1671 426,1671 532,1671 637,1673 743,1673 849,1673 954,1674 1060,1674 1165,1674 1271,1674 1377,1674 1482,1673 1588,1673 1693,1671 1799,1670 1905,1667 2010,1665 2116,1661 2221,1658 2327,1653 2433,1647"/>
                <TextEquiv>
                    <Unicode>Cornelis Ttul boshwagter en hooft op Ouvien, ondercoopman met 40. gl</Unicode>
                </TextEquiv>
            </TextLine>
            <TextLine id="r1l19" custom="readingOrder {index:18;}">
                <Coords points="297,1814 806,1786 1044,1856 1168,1796 2046,1788 2044,1682 1247,1733 662,1689 545,1749 296,1693"/>
                <Baseline points="314,1797 399,1794 485,1791 570,1790 656,1788 742,1787 827,1785 913,1785 999,1784 1084,1784 1170,1782 1256,1782 1341,1782 1427,1781 1513,1779 1598,1779 1684,1778 1770,1776 1855,1773 1941,1771 2027,1769"/>
                <TextEquiv>
                    <Unicode>Willeboort Willeboorts. Casfier, med: onder Coopman 40. ge</Unicode>
                </TextEquiv>
            </TextLine>
            <TextLine id="r1l20" custom="readingOrder {index:19;}">
                <Coords points="312,1959 2027,1915 2118,1891 2117,1818 310,1824"/>
                <Baseline points="329,1902 417,1902 506,1901 594,1901 683,1899 771,1898 860,1898 948,1896 1037,1895 1125,1893 1214,1892 1303,1890 1391,1889 1480,1887 1568,1886 1657,1884 1745,1883 1834,1881 1922,1880 2011,1878 2100,1875"/>
                <TextEquiv>
                    <Unicode>Pieterben op Lonthoir Vaendrigh abzoluit, met 40. gl: term.</Unicode>
                </TextEquiv>
            </TextLine>
            <TextLine id="r1l21" custom="readingOrder {index:20;}">
                <Coords points="318,2048 2687,2016 2686,1935 2097,1895 317,1960"/>
                <Baseline points="336,2024 452,2019 569,2016 685,2012 802,2009 919,2007 1035,2005 1152,2003 1269,2001 1385,2001 1502,2000 1619,1998 1735,1998 1852,1997 1969,1997 2085,1995 2202,1994 2319,1994 2435,1992 2552,1991 2669,1989"/>
                <TextEquiv>
                    <Unicode>maer den overdrager der marnissenboeken Jacobus de Mitte tot anderemploij</Unicode>
                </TextEquiv>
            </TextLine>
            <TextLine id="r1l22" custom="readingOrder {index:21;}">
                <Coords points="610,2148 753,2181 1476,2120 1609,2172 1827,2112 1898,2169 2109,2106 2107,2025 1647,2062 1583,2012 1313,2011 1179,2073 608,2068"/>
                <Baseline points="626,2120 699,2120 772,2118 845,2117 919,2115 992,2114 1065,2112 1138,2111 1212,2109 1285,2108 1358,2106 1431,2103 1505,2102 1578,2100 1651,2097 1724,2096 1798,2094 1871,2093 1944,2091 2017,2090 2091,2088"/>
                <TextEquiv>
                    <Unicode>eenlijck ondercoopmans Tractement toegeleijt—</Unicode>
                </TextEquiv>
            </TextLine>
            <TextLine id="r1l23" custom="readingOrder {index:22;}">
                <Coords points="2781,2227 2821,2228 2832,2217 2851,2234 2883,2221 2891,2228 2927,2222 2950,2235 2960,2223 2978,2222 2969,2076 2849,2087 2821,2115 2774,2125"/>
                <Baseline points="2799,2211 2825,2209 2851,2206 2878,2205 2904,2204 2930,2202 2957,2201"/>
                <TextEquiv>
                    <Unicode>505:</Unicode>
                </TextEquiv>
            </TextLine>
            <TextLine id="r1l24" custom="readingOrder {index:23;}">
                <Coords points="29,2293 2151,2302 2643,2249 2641,2136 958,2134 682,2218 25,2147"/>
                <Baseline points="45,2271 180,2270 316,2270 452,2267 587,2264 723,2261 859,2256 995,2252 1130,2247 1266,2243 1402,2238 1538,2234 1673,2230 1809,2226 1945,2223 2081,2220 2216,2219 2352,2219 2488,2219 2624,2220"/>
                <TextEquiv>
                    <Unicode> 30. d:o de sloep d’ovangiebooim met eenige Vlootlijkheden na Jndermaijs aff tesenden</Unicode>
                </TextEquiv>
            </TextLine>
            <TextLine id="r1l25" custom="readingOrder {index:24;}">
                <Coords points="319,2432 2129,2377 2127,2286 316,2301"/>
                <Baseline points="336,2387 424,2385 513,2384 602,2382 691,2379 779,2378 868,2375 957,2372 1046,2370 1134,2367 1223,2364 1312,2363 1401,2360 1489,2357 1578,2355 1667,2354 1756,2352 1844,2351 1933,2349 2022,2348 2111,2348"/>
                <TextEquiv>
                    <Unicode>denn Jacob Couper gelicentieert een sherwaerts te komen.</Unicode>
                </TextEquiv>
            </TextLine>
            <TextLine id="r1l26" custom="readingOrder {index:25;}">
                <Coords points="300,2514 1426,2486 1856,2542 2271,2489 2269,2361 298,2430"/>
                <Baseline points="318,2501 414,2499 511,2496 608,2495 704,2492 801,2490 898,2488 994,2486 1091,2484 1188,2481 1285,2480 1381,2477 1478,2475 1575,2474 1671,2471 1768,2469 1865,2467 1961,2465 2058,2463 2155,2460 2252,2459"/>
                <TextEquiv>
                    <Unicode>'trersteren van Cadierij aen die van heibon bekent temaeken</Unicode>
                </TextEquiv>
            </TextLine>
            <TextLine id="r1l27" custom="readingOrder {index:26;}">
                <Coords points="1617,2637 1635,2637 1646,2630 1671,2630 1671,2513 1617,2513"/>
                <Baseline points="1635,2583 1653,2583"/>
                <TextEquiv>
                    <Unicode></Unicode>
                </TextEquiv>
            </TextLine>
            <TextLine id="r1l28" custom="readingOrder {index:27;}">
                <Coords points="333,2636 1639,2631 1636,2532 1459,2482 1355,2533 1066,2538 929,2490 729,2551 330,2544"/>
                <Baseline points="351,2613 414,2612 477,2611 541,2610 604,2608 668,2606 731,2604 794,2603 858,2601 921,2598 985,2596 1048,2594 1111,2592 1175,2589 1238,2588 1302,2586 1365,2585 1428,2583 1492,2582 1555,2580 1619,2580"/>
                <TextEquiv>
                    <Unicode>dogh niet persoonlijck daer aenlant: te gaen</Unicode>
                </TextEquiv>
            </TextLine>
            <TextLine id="r1l29" custom="readingOrder {index:28;}">
                <Coords points="329,2756 1744,2706 2059,2782 2186,2710 2574,2729 2628,2640 2180,2556 1914,2645 327,2639"/>
                <Baseline points="348,2735 461,2730 574,2727 687,2723 800,2720 914,2717 1027,2714 1140,2712 1253,2709 1366,2708 1480,2706 1593,2705 1706,2702 1819,2702 1932,2700 2046,2699 2159,2697 2272,2697 2385,2696 2498,2694 2612,2693"/>
                <TextEquiv>
                    <Unicode>den verdrenen pange van Samadang, sal bij verschinige tot Jndermaijo sigh</Unicode>
                </TextEquiv>
            </TextLine>
            <TextLine id="r1l30" custom="readingOrder {index:29;}">
                <Coords points="172,2780 205,2780 242,2752 253,2759 279,2741 352,2735 354,2618 332,2622 325,2614 296,2636 270,2620 259,2628 237,2620 223,2631 201,2623 175,2626"/>
                <Baseline points="192,2726 220,2727 248,2727 276,2728 304,2728 333,2729"/>
                <TextEquiv>
                    <Unicode></Unicode>
                </TextEquiv>
            </TextLine>
            <TextLine id="r1l31" custom="readingOrder {index:30;}">
                <Coords points="659,2864 1097,2830 1197,2867 1283,2812 1847,2821 1844,2748 1726,2723 1549,2766 1441,2722 1300,2764 1134,2733 656,2769"/>
                <Baseline points="677,2834 734,2831 792,2828 849,2826 907,2823 964,2820 1022,2817 1079,2814 1137,2811 1194,2808 1252,2807 1309,2804 1367,2802 1424,2800 1482,2798 1539,2798 1597,2796 1654,2796 1712,2796 1769,2796 1827,2796"/>
                <TextEquiv>
                    <Unicode>daer onder onse Pagger mogen onthouden</Unicode>
                </TextEquiv>
            </TextLine>
            <TextLine id="r1l32" custom="readingOrder {index:31;}">
                <Coords points="328,3005 2371,2914 2307,2840 1892,2790 1780,2852 1501,2805 680,2900 465,2807 323,2837"/>
                <Baseline points="345,2952 445,2951 545,2948 646,2945 746,2942 846,2938 947,2934 1047,2930 1147,2927 1248,2922 1348,2918 1448,2915 1549,2912 1649,2908 1749,2906 1850,2903 1950,2901 2050,2901 2151,2900 2251,2901 2352,2903"/>
                <TextEquiv>
                    <Unicode>off wel na den sousousoenang vertrecken. maer niet Herwadrts komen</Unicode>
                </TextEquiv>
            </TextLine>
            <TextLine id="r1l33" custom="readingOrder {index:32;}">
                <Coords points="329,3105 2453,3042 2451,2965 2315,2928 1956,2911 327,3007"/>
                <Baseline points="348,3062 452,3059 556,3056 661,3053 765,3050 870,3045 974,3042 1078,3039 1183,3036 1287,3033 1392,3030 1496,3027 1600,3024 1705,3021 1809,3020 1914,3018 2018,3017 2122,3015 2227,3015 2331,3015 2436,3015"/>
                <TextEquiv>
                    <Unicode>’t Jagt desampzou nevens de Experment nogh voor Cornaten aengeleijtn</Unicode>
                </TextEquiv>
            </TextLine>
            <TextLine id="r1l34" custom="readingOrder {index:33;}">
                <Coords points="304,3194 3002,3114 2999,3001 302,3092"/>
                <Baseline points="321,3177 454,3171 587,3166 720,3161 853,3157 987,3153 1120,3150 1253,3146 1386,3144 1519,3141 1653,3138 1786,3135 1919,3134 2052,3131 2185,3128 2318,3125 2452,3122 2585,3118 2718,3113 2851,3109 2985,3104"/>
                <TextEquiv>
                    <Unicode>de tomp Van ’t schip Z: Polsbroek Verkogt Voor 780. rv. en ban't Jagje fortuijn 35. rp. „ 506</Unicode>
                </TextEquiv>
            </TextLine>
            <TextLine id="r1l35" custom="readingOrder {index:34;}">
                <Coords points="315,3337 2571,3268 2569,3184 2422,3154 312,3202"/>
                <Baseline points="333,3302 444,3296 555,3291 666,3287 777,3282 888,3279 999,3276 1110,3273 1221,3270 1332,3269 1443,3267 1554,3265 1665,3263 1776,3261 1887,3260 1998,3258 2109,3257 2220,3255 2331,3254 2442,3252 2553,3249"/>
                <TextEquiv>
                    <Unicode>Juffr. Willemmnia lauw Wed:. van Capt: Aernout Wesdort, Hepudium des</Unicode>
                </TextEquiv>
            </TextLine>
            <TextLine id="r1l36" custom="readingOrder {index:35;}">
                <Coords points="2664,3346 2814,3357 2916,3314 3004,3337 3002,3242 2940,3251 2895,3227 2863,3253 2812,3247 2794,3266 2757,3241 2662,3262"/>
                <Baseline points="2684,3339 2709,3338 2734,3336 2759,3335 2785,3333 2810,3332 2835,3331 2860,3330 2886,3329 2911,3329 2936,3330 2961,3332 2987,3335"/>
                <TextEquiv>
                    <Unicode>„ 507.</Unicode>
                </TextEquiv>
            </TextLine>
            <TextLine id="r1l37" custom="readingOrder {index:36;}">
                <Coords points="741,3390 928,3434 1154,3375 1802,3430 2285,3393 2283,3309 2052,3269 1811,3320 1554,3266 1460,3323 739,3309"/>
                <Baseline points="759,3383 834,3379 909,3375 985,3374 1060,3372 1136,3369 1211,3368 1286,3368 1362,3366 1437,3365 1513,3365 1588,3363 1663,3363 1739,3362 1814,3360 1890,3360 1965,3359 2040,3357 2116,3356 2191,3353 2267,3351"/>
                <TextEquiv>
                    <Unicode>boedels geaccoideert met telieff van Laps van tijt</Unicode>
                </TextEquiv>
            </TextLine>
            <TextLine id="r1l38" custom="readingOrder {index:37;}">
                <Coords points="326,3528 715,3569 955,3513 1223,3562 1378,3490 1734,3518 1730,3405 1587,3384 1358,3440 1158,3374 1069,3435 969,3410 778,3479 322,3414"/>
                <Baseline points="342,3509 410,3513 479,3516 548,3518 616,3518 685,3516 754,3515 822,3512 891,3509 960,3505 1029,3501 1097,3497 1166,3493 1235,3489 1303,3486 1372,3483 1441,3480 1509,3479 1578,3479 1647,3480 1716,3482"/>
                <TextEquiv>
                    <Unicode>en Committinus aen den saet van Jus Atie</Unicode>
                </TextEquiv>
            </TextLine>
            <TextLine id="r1l39" custom="readingOrder {index:38;}">
                <Coords points="16,3669 2652,3606 2600,3446 1806,3557 12,3523"/>
                <Baseline points="32,3636 162,3638 292,3638 422,3638 552,3636 682,3635 812,3633 942,3630 1072,3627 1202,3623 1333,3619 1463,3615 1593,3609 1723,3605 1853,3600 1983,3595 2113,3590 2243,3585 2373,3579 2503,3575 2634,3570"/>
                <TextEquiv>
                    <Unicode>zo — den Crankbeseker Dirckbeen :t stilstant van Dagie toegestaen om zijn</Unicode>
                </TextEquiv>
            </TextLine>
            <TextLine id="r1l40" custom="readingOrder {index:39;}">
                <Coords points="641,3773 1189,3743 1564,3786 1708,3718 1911,3759 2103,3720 2099,3606 1856,3651 1715,3616 1622,3670 637,3660"/>
                <Baseline points="659,3747 730,3746 801,3744 872,3741 944,3740 1015,3737 1086,3734 1157,3732 1229,3729 1300,3726 1371,3723 1442,3720 1514,3717 1585,3714 1656,3713 1727,3710 1799,3708 1870,3707 1941,3705 2012,3705 2084,3704"/>
                <TextEquiv>
                    <Unicode>geneeskonst tot een preuve in 't werk te stellen</Unicode>
                </TextEquiv>
            </TextLine>
            <TextLine id="r1l41" custom="readingOrder {index:40;}">
                <Coords points="62,4113 80,4115 83,4119 91,4116 108,4126 126,4128 136,4044 114,4042 107,4037 92,4043 70,4040"/>
                <Baseline points="84,4089 111,4092"/>
                <TextEquiv>
                    <Unicode>5</Unicode>
                </TextEquiv>
            </TextLine>
            <TextEquiv>
                <Unicode>69
5
Peoder
28. d:o Op datumen van alle ind genissen berwesen na desen magh blijven bevrijdt. f:o 501.
de vaderlandze Cramerijen Hierbij de packhuijsen te verkoopen, Voor ’t geenze
„ 502.
mogen gelden, om de Comp: daer van te ontlasten - -
„ 503.
29. d:o op de feguesten om verbeteringen uijt banda overgekomen
den opperkoopman Joan: keijts gestelt tot Abzoluijt Jcoune Persoon. En
verbetert tot 90. gl smaents voor 3. Jaets  . ..
„
den Predikant Alepander Carpins van 80. tot 100. gl smaents verbetert
Johannus de Hartogh Hooft op Louthoir van 50. tot Coopman met 60: gl
na tijts Expiratie
Jacob Juriaens, secet: van den Gouv:r en Haet, ondercoopman Ende 40. ge
504:
Cornelis Ttul boshwagter en hooft op Ouvien, ondercoopman met 40. gl
Willeboort Willeboorts. Casfier, med: onder Coopman 40. ge
Pieterben op Lonthoir Vaendrigh abzoluit, met 40. gl: term.
maer den overdrager der marnissenboeken Jacobus de Mitte tot anderemploij
eenlijck ondercoopmans Tractement toegeleijt—
505:
 30. d:o de sloep d’ovangiebooim met eenige Vlootlijkheden na Jndermaijs aff tesenden
denn Jacob Couper gelicentieert een sherwaerts te komen.
'trersteren van Cadierij aen die van heibon bekent temaeken

dogh niet persoonlijck daer aenlant: te gaen
den verdrenen pange van Samadang, sal bij verschinige tot Jndermaijo sigh

daer onder onse Pagger mogen onthouden
off wel na den sousousoenang vertrecken. maer niet Herwadrts komen
’t Jagt desampzou nevens de Experment nogh voor Cornaten aengeleijtn
de tomp Van ’t schip Z: Polsbroek Verkogt Voor 780. rv. en ban't Jagje fortuijn 35. rp. „ 506
Juffr. Willemmnia lauw Wed:. van Capt: Aernout Wesdort, Hepudium des
„ 507.
boedels geaccoideert met telieff van Laps van tijt
en Committinus aen den saet van Jus Atie
zo — den Crankbeseker Dirckbeen :t stilstant van Dagie toegestaen om zijn
geneeskonst tot een preuve in 't werk te stellen
5</Unicode>
            </TextEquiv>
        </TextRegion>
    </Page>
</PcGts>
