3078 4539
9 28 195 159 44
155 245 377 448 44
58 3690 607 3872 die Wederhenstele
89 3836 615 3935 en zijn affgesz gagie
88 3890 609 4044 Goudge daen tebert
2159 158 2225 236 do
649 424 2821 654 nusouden haer Ed:le Ed: aghtbare konnen besluijten dat
566 563 2903 750 de jongste ordonn:r van p=m maert daer df reeckenings
622 724 2791 854 na is geformeert, behoorde voor d’originele aengesien
2791 751 2904 835 —
630 808 2897 981 te werden, daer den suppl: genoegsaem zal bewijsen
629 926 2766 1080 dat die vande 27e: feb: niet op Clonchin maer hier
630 1018 2914 1150 op batavia den 21e: November 1677. is geschreven
646 1112 2667 1238 van een persoon die de weder zijdse redencavelinge
635 1228 2810 1375 oock gehooft heeft, en ten principalen toe zijn E: oock
1217 1338 1301 1413 tie
633 1369 2799 1487 uijtte, d'ordonn: van Coijlangh niet naer zijn E:
658 1471 2960 1614 Infentie, maer een abuijs is geweest, en dier wegen die gerojeert
639 1568 2038 1753 en d’ ander jnde plaets geformeert,
650 1697 2924 1893 uijt alle welck een en ander haer E Ed:e hooghagstbare: 8
657 1866 2696 2003 gelieven te bedencken, hoe smartelijck het valt een
2680 1883 2822 1994 —
641 1967 2868 2114 out Dienaer van d’ EComp: soo plotselijck buijten schult
636 2091 2917 2199 van een plaets daer zoo lange Jaeren heeft gecontinueert
641 2175 2271 2332 naer een ander vergelegene te versenden.
643 2266 2683 2449 waer door den suppl:r bij gevolge oock jn agsterstal
638 2425 2778 2558 en onvermogen, is gebraghtdogh stennende op UE Ed:le
635 2505 2713 2642 B: aghtb: groot vermogen, en gewone besheijdentheijt
653 2590 2865 2732 versoeckt, en sineeckt den suppl: jn alle onderdanigheijt
650 2732 2840 2877 UEtd: E: Aghtb: hem gunstelijck, gelieve te herstellen en
638 2815 2799 2983 verder te ordonnenen dat zijn afgesz gagie; op desselfs
628 2934 2641 3099 zoldij reeckeningh werde goet gedaen dit doende Eh:a
594 3090 2813 3259 Daer op gedelibereert, en gansch geen redenen ge„
647 3227 2670 3397 vonden zijnde om dewelcke den genielte suppl.
650 3353 2857 3536 Cheodorus Bosmeer, uijt zijn bedieninge gelett oft een
641 3459 2885 3664 gesuspendeert, soude konnen werden hebbende boven
650 3593 2695 3778 dietn nogh de getuijghnisse van een neerstigh, ende
670 3690 2903 3838 bequaem Dienaer, soo is goetgevonden: en verstaen
654 3840 2725 3988 hem weder te herstellen, jn zijn vorige qualiteijt
682 3947 2869 4057 van ondercoopman, ende wijders te gelasten, dat hem
662 4023 2770 4189 zijn gagie zal werden goetgedaen van die tijt aff
2569 4154 2757 4280 dat
2913 1746 3006 1909 6
3022 1687 3065 1765 5
