3124 4646
9 42 142 206 416
2656 365 2950 648 1
1035 606 1269 745 a
473 780 2361 960 en mjsmacaer Jasjer Dereeten & 1e
3 860 411 984 den kijmnte
487 928 2426 1017 soehde met d ede n deses daars
7 962 404 1049 Jasper Schelten
-2 1026 399 1103 met Sijn Vrouw.
3 1072 382 1186 Jan C haet
-11 1137 380 1270 Patiha Verlost
435 1160 2692 1328 demecken  hin bulix op goede Insif den geaccorder rd„
-10 1248 2585 1414 ade hunEn mlijddoek Iohannaollens, weduwe van den
-13 1384 352 1468 Fillens mede
-3 1438 434 1519 licentie na 't Patria
460 1408 2713 1527 vanhededer Cristoffoe â teijnen; bonder dat z: mide
13 1499 421 1590 Vergunt, sonder
31 1559 414 1680 betaling van
411 1501 2816 1675 haer onvermoge prache: of Costgeld sal beboopen tebedallen;
12 1611 287 1747 Cer ge
411 1649 2805 1824 maer bij haer soon tzijnde ven onderdirurgijn) geplaats f
430 1746 878 1918 worden &
444 1626 1330 2074 e
1423 1873 2824 2074 barent Cornelis. Sijvers tolgestaen
-9 1848 437 2053 enhend
-9 2030 441 2121 Corn: Vijvers et
447 2051 2732 2185 sijnvron en Samite naerbanda overtebaaren, en de
6 2089 386 2171 sijn Vrouw, en
18 2151 420 2243 faieli passagie
1583 2125 2699 2298 ensten; gelijck den beleen
-2 2209 442 2329 vegunt naerbinde
729 2256 2846 2422 ensonk an bomma van derhien honderd Hijndaeld:s
-8 2271 551 2396 en hem daen benevens de
-12 2368 440 2456 1300. pp. terleen
466 2376 879 2501 lie onder
1140 2358 2791 2536 seke dorgetocht uitompassa is ieven
-4 2428 437 2539 toegestaen, omme
-2 2495 440 2601 in banda te Rusti„
473 2497 2602 2652 gine, omme in dande na de aancomste der Pers
12 2562 231 2671 „tueren
433 2601 1909 2772 schepen, wederomme de ver teieren
532 2734 2696 2902 p het ngediende bequest vanden pegeter der Berbergiers
-11 2797 393 2956 de Zegher det
4 2893 454 3004 Herbergiers buijten
453 2880 2713 3029 bnnen dese sadtommemids de beeghte neringe en groote
6 2970 458 3054 de stadt, een Maent
12 3032 460 3117 stulstant van Lagt
465 3002 2740 3143 gelede schaade, eenigen afslagt de mogen genieten; de hem een
17 3089 469 3170 Geaccordeert; tott
25 3151 427 3251 eijnde van 't Jaer
404 3121 2857 3269 maand silstand van belinge zijner pagteenningen geaccordeert
589 3229 1337 3390 te eijnde van d Jaci
2 3330 2954 3511 den lagten der Rin En tet hoelange den pagender evier ancker mede blijfd uijtgestelt
13 3474 535 3557 ankel op sijn klagten
9 3482 2444 3630 mede uijtgestelt tot op sijn voorwendinge van daarbij geleden behaal
10 3596 404 3698 eijnde van 't Iaer
14 3603 2743 3765 van 't Vnsalva Maer het overgeleverde versoeck uijt den naem des paghters
16 3760 481 3852 de Pagten beer Herben
505 3739 2717 3886 vande Derbergiers binnen de stadt, almede om uijtstel
1 3826 494 3913 ngiues binnen de stadt
9 3870 2669 3996 tanenate agerjnaen afslagh; ds goedgevonden voor als nogh ten eenemaele
458 3973 973 4167 aff tewijlen
