3123 4705
2819 -9 3034 167 287
2761 155 3006 316 287
224 543 2437 784 mineen hooden gecovande ongeseeenen alheer
256 728 2494 903 is dok wel op booemarije oeden de becomet &„o
196 906 2451 1195 Tlangende de negotie, en e omsiten der Coopmansz
228 1101 2434 1351 in bouratta, daegnne is best geagtt, dat men sigh nedens
253 1250 2463 1495 andere handelaers, en imede Compitioenis naer den Lood
257 1382 2351 1633 des tijts moet vergenougen, Except alleen omtrent de
238 1527 2368 1792 speccrijen, die wij in onse magtt hebben, en ordinarij
247 1680 3137 1945 tet gros vant Capitael uijtmaaken; Ex: welckers den Jtien dee soederijn en
2491 1839 3052 1926 Cheijlonzen arreeck in
2537 1908 3065 2047 Souracta te bekertigen
260 1862 2504 2101 suijne vertier ine alse misdelen moet werden beserdigde
269 2046 2303 2247 en sulcx insgelijcx mede onmret den H= inde
2495 2202 3138 2388 de Eijssen met omsighe
310 2188 2497 2397 dijlonzen arrecck depractiseert; En oorts in het doen
2516 2340 3097 2489 en oxmerkinge te doen
270 2350 2536 2599 der Eijsthen met alle omsichtigheijt gehandelt, omme
269 2527 2461 2735 gelijck wel meermaelen zij gebeurd, ee geen ongewilde
295 2672 1964 2861 Coopmanschappen belemmert te blijven
259 2822 2450 3016 wiegde oock het te beter alieck des Copers, voor een
293 2969 3138 3194 goede baacke aengesien het gedaene voorstel, en versoeck ’t hoorstel tot Eijsouch om
2497 3127 3125 3238 Copere bassen te mogen Stad
2503 3190 2872 3334 Geafprobeert
268 3197 2455 3360 plicenti van groote kovere Cassen (door het gandsche
279 3347 2406 3545 tent gankbaer) te mogen beaen, soo sulcx maer kan
238 3547 1026 3720 werden geootuee
252 3685 2461 3939 Soo wert Iuvergelijcx verstaen dat de nodige teparatie van
2506 3679 3128 3914 'SComp: Pent ad soualj
2499 3882 3126 4042 Crait te doen Repareuen
306 3896 2458 4124 Compag:s tent, en ommeslagh aen doualijsstrandt
2192 4104 2496 4219 metten
1856 4318 1992 4505 15
