3163 4595
11 2883 241 3031 6
2887 5 3092 134 137
2807 147 3062 330 137
188 379 2475 568 Dater tot voorsettinge vanden Landel op Cormandel,
265 544 2455 658 mits schaersheijt van eijgen Capitael, wel weder een
2471 538 3171 714 gebeen tot 4: maen drite
257 624 2328 785 goede somma penningen. tot ¾ per C:t 'smaents
2477 678 3054 779 Hooged op Intrust de
2478 749 2963 874 mogenlighten
268 721 2477 857 maer Joger niet, voor den tijt, op Intrest zal mogen
269 816 1023 974 werden gelight.
257 939 2481 1138 Ende wijders dat den vertier vanden Ceijlousen
2472 957 3038 1117 den Vertier van den
2505 1087 3114 1198 Cheijlonzen Areug: t
255 1056 2414 1200 arreeck, langs, die geheele Cust, na vermogen niet
2506 1152 2828 1267 bekertigen
265 1186 2481 1309 erust moet werden bezertight, en om te beter daer toe
259 1300 2483 1421 te geraccken, zal deselve voor 't geense wil gelden
222 1358 2511 1511 mogen werden afgestaen. op hope datmen dan met 'er
256 1462 2434 1582 tijt bij gretigen aftreck, en gewoonte, wel weder
257 1596 2467 1717 hoger prijsen zal konnen bedingen; en’t welcke als
276 1695 2527 1805 een poinct van jmportantie, geordonneert sal werden
276 1786 2051 1937 met serieusheijt, en ijver te betragsten.
263 1894 2387 2107 Wesende nu oock met eenen vastgestelt, de voor
2500 1919 3102 2080 de Cust schipen Sullen
2493 2049 3127 2188 trin gedeemale aendoen
277 2031 2484 2176 gementioneerde 2 shepen na Cormandel; Crincoen„
267 2171 2344 2272 male, en passant te laten aenlopen, en aldaer te
275 2223 2442 2389 vernemen, off er oock eenige onraadt van france, ofte
278 2334 2547 2462 andere vijanden, Elders op de Custe Comandel moghten
277 2460 2486 2579 wesen; des niet sonder uijtstel over Nlagapatnam, en de
253 2541 2460 2643 zuijder Comptoiren, de reijse na palleacatta voort te
267 2636 582 2753 setten,
322 2711 2506 3030 Bitavia mt Casteel datum als Veren
2000 3027 2705 3228 van goeds
2001 2991 2726 3457 J  e ei
1968 3557 3081 3758 N: Wan Duthoors
2838 3680 2958 3793 1
2215 3795 2968 3970 Jansamp huijs
2249 4198 2291 4325 b
2185 4148 2265 4311 1
1954 4181 2113 4348 t
2138 4267 2225 4357 n
