3166 4669
2877 25 3077 183 285
2828 173 3089 351 285
211 566 2556 807 Buj denerkomen nomeent dat aldaernogt
281 759 2427 952 macr soeben eena twee Beckhonders, den voorts
283 926 2432 1100 doo  aesisenten sullen bequineren, alsnen bij het
408 1044 3020 1279 jnt sal ver wagtten de verstaen, hoowel die daer Teesent in
2511 1127 3123 1262 fuictie zijn sullen Egter
2511 1216 3123 1324 tot nader ordre sodanigh
307 1218 3120 1375 de presende buspoorten, die daer in funcie zijn. voor megen bnen comimten
293 1365 2353 1573 Eerst en tot naeder ordre, nogh wel sullen moogen
287 1501 1266 1694 blijven Comnueren
251 1671 2490 1932 dol voor al bal oock moeten werden gepigilcert, omme
2500 1743 3139 1972 Vn Aantelen handte
2543 1926 3068 2067 daer na Vermogen
295 1838 2470 2095 den Huinensen particulieren Hander daer mede nae
2505 1996 2862 2125 uijt te foeijen.
287 1985 2537 2245 uijtters tevermogen degen te gaen, en venmavl int te„
275 2225 2522 2413 „toojen, en tot welckers betere beporderinge onse vesoeutie
2490 2234 3138 2444 E den deen nde bertelen
2515 2413 3148 2500 't hier geëmaneerde placcalt
281 2365 2416 2563 den 5. Courane derwegen in ’t teguard van bengale
2533 2464 3079 2555 daer nogh een scherpe
2542 2531 3135 2667 Ordre tegente Statieren
282 2518 2508 2728 genomen, En oock hetplaccact bij Nesslutie van t:
285 2708 2501 2903 deser geinsereert, en op 16: do alhier geubliceert in
326 2859 2294 3053 durasta insgelijx andermaes bal moeten werden
282 2991 827 3213 afgekondight
225 3181 2578 3383 nneke butatta os Ciedit me te doen verminderen
227 3368 2522 3551 dewijl de Compag:s daer nogh Jongist met een Capitaele
225 3516 2465 3705 somma van 539600: fopien aen Intrest penningen
2494 3586 3108 3812 Gebene dene
303 3715 2315 3879 bleef beswaert, soo is goetgeponden, desemael geen
2455 3778 3107 3876 Suijt Soucatta Voorbatavia
2502 3846 3132 3942 te Vorderen Om ons cudit
304 3820 2371 4036 contante topien meer van daer te vorderen, maer te
2461 3867 3043 4057 aer staende te suden
284 3966 2566 4216 ordonneren dat 'er boven de voldoeninge van de Eijsschen
2334 4195 2465 4311 der
