2982 4643
18 45 211 194 314
74 248 273 437 312
2694 546 2970 778 1
2861 769 2968 956 1
2820 933 2937 1036 119.
1941 892 2211 1055 dire
649 896 1392 1103 en boete
2632 1023 2891 1199 1een
622 1032 2478 1223 hebbende daen bewopen tode besomaned van
7 1025 602 1255 Pe ge
23 1198 612 1368 saaken op cheijlen
613 1179 2613 1363 van eijlon, waervan nu al veschedentelen
587 1292 2902 1504 geeproesen geneden soo ie onder andere poincten elisgel:k
2137 1424 2408 1632 ugustij
837 1433 1776 1641 comend Wentie de
589 1603 2774 1787 daers 1672. bij de Hooge tegering dooemaele in de
573 1650 2953 1869 saaken van Cheijlon tegen tExpresee awijs van sijn d:s
594 1847 2903 2057 genomen, en daerom oock door sijn Ed:s ongeteekend gelaten
603 1977 2877 2183 en vornementlijck in besondere consideratie omende
616 2098 2724 2326 hetvout daer by geallequeert ten belange van de
601 2218 2644 2440 Camwellanden, en. het vredigh bchillen derselver
615 2361 2778 2591 te weten, dat bij quaetwilligheijt van Pagia singa die
610 2504 2858 2703 door onse maghten aldaer niet wel noghte bequamelijck
568 2657 2866 2853 n souden konnen worden versckert, of bekermt, en:
599 2808 2851 2985 dewijle dE:r generael beweesde, dat een Looingde van
592 2964 2755 3116 over de twintigh en meet Jaaren genoeghde hoorde e
613 3078 2842 3292 dsen d Contrarie aen te wijsen, soo is Dohter nag
617 3235 2640 3473 perscheijde meditatien, de presente vergaderinge
604 3392 2818 3584 Eenparigh van sentiment gewerden, die dienvolgens
576 3512 2879 3761 Voddgh geoordeert heeft, dat men noghmace den gouv:r
8 3541 600 3727 Hrgen otl
21 3693 611 3795 aldaer aent - ons
20 3711 2891 3868 duijde „ g: en saeet op Zeijlon sal ordonneren, ginder in Toer
8 3828 659 3939 Offineubij „: ligheijt
6 3901 644 4015 van Rag de Caneel
609 3839 2757 4031 op dat sulject duijdelijcke, en waerachtige bedenen
12 3975 635 4080 landen met niaghten
11 4038 618 4139 Souwhommes Ver hieren
629 3984 2938 4211 van haer gevoelen, en Intentie te geven, en bij consonante
11 4118 250 4253 Offniet
2543 4155 2871 4319 tesolutie
