3114 4604
2 -27 233 128 256
131 132 427 297 236
582 507 2806 701 off bulcks voor de Comp=se al miteen dienstijk soude
567 664 2713 816 gedordeelt werdene ek mede off sodanigen
2694 647 2837 774 1o
564 771 2887 900 belofte van adsistentie ons altijs wel soude gelegen
570 882 1901 1048 komen te voorengen &:o
784 1061 2795 1253 en toewel de bekruijssinge en besertinge voor de
5 1132 555 1306 de bekrig nge o
589 1169 2758 1344 rivier wangieda jongse mede net vesel voor deel
9 1263 590 1368 de Hivier van Queda
8 1324 569 1433 tot Invorderinge van
575 1310 2950 1468 en heeftesiest zoo is egter niet ondienstigh geagtt
7 1391 567 1500 Malaccas geregtigheijt
575 1426 2932 1591 tot jnvorderinsh van Malaccas gereghtigheijd: den moonse
26 1454 441 1560 Nogh vnde te
10 1480 499 1653 Zeminen
594 1532 2689 1696 Handelaers &a die mede nogh te continueren
1 1588 566 1743 doort aen testen Phun
599 1675 2893 1808 maer het aentassen van adia queda, over desselfs
7 1733 597 1828 Radia Guida Nogh tot
592 1734 2802 1920 quade anen, en menees, als vermoonden eenige
3 1787 595 1931 beter occagie uijt testellen
591 1853 2800 2021 onser volkeren, voor eerst te laten passeren ged
590 1963 2557 2137 nogh al tot beder gelegentheijt uijt testellen
746 2162 2926 2380 soo is oock niet konnen goet gevonden off geresolveert
12 2217 626 2370 Op Oedjangsalang geen
12 2324 2987 2479 Vaste posessieteenmiet werden, onmme op Eylandt Oodjangsalangh, eenigh
612 2413 2756 2577 besitt ope vaste possessie te nemen, maer we voor
2744 2535 2930 2665 _o
614 2527 2764 2678 goet aengesien, om des mogelijck bij middel van
6 2589 610 2761 waar wel den Pembj
623 2640 2888 2782 negotiatie den tin aldaer vallende met declusie
0 2737 640 2864 ngotiatie te contracteren
620 2741 2934 2905 van andere jnder bepervoegen voor d’ E Comp:
623 2888 1393 3067 te contracteren
693 3100 2933 3269 Dewijle de vaert en commertie op Atcsun, soo wel
643 3251 3025 3359 onser Bataviase, als Malacqse burgers, en ingesetenen
642 3303 3014 3447 voor d’E Comp:e net dan schadelyck wert geaght behalven
627 3437 3027 3608 dat wij met gemelte Croone nogh van lange jaaren. -.
339 3424 491 3608 124
641 3537 2991 3709 In vijgndtschap, en tot nu niet weder jn vrundtchap zijn
32 3566 594 3723 de Vaert op althin Soo
50 3673 639 3770 Wel aende malaxe als
2788 3690 2934 3793 —
659 3648 2810 3817 geraeckt, soo is nodigs geoordeelt. die vaert en
38 3741 635 3839 batavische Ingesetene
33 3807 627 3928 teeneniael te verbieden
639 3757 2735 3942 frequentatie, gelijck alhier present reets wert
647 3918 3088 4065 gepractiteert aen alle malacte borgers, en jngesetenen
661 3990 2132 4184 mede t' eenemael te verbieden.
2841 -22 3043 154 9. d
