3030 4529
6 -4 177 158 30:
228 150 414 343 30
154 586 655 701 endaer in 't beste van
139 681 651 809 hun beijden te bevorde
134 1962 629 2082 dogh bij onwilligheijt
138 2054 632 2140 van hun beijde hier
126 2110 657 2200 omtrent Salmen den
145 2175 663 2257 saack geheel aen de Justitie
146 2227 408 2355 Overgeven
61 3214 548 3413 A sen ng
145 3304 623 3474 d n  1
132 3432 636 3555 senden om en lasg
143 3503 353 3595 Pper
113 3582 626 3761 met den Cope
96 3711 564 3848 cobatb Muler
683 349 2737 579 niet anders voor en heeft als door de dempings
679 516 2747 722 en vernietigingh van sodanigen vuijlen proces
676 677 2755 800 te: bevorderen het beste, ende de eere van Hun
662 751 2755 953 beijde, zij dan oock geen andere jntentie behoorde
666 903 2805 1042 te hebben, als om haer daer toe seer gaerne te
658 1029 2904 1209 laten vinden, doende tot bewijs daer van wederzijdts
664 1142 2722 1328 opreghte, en waere openings van den boedel ende
661 1283 2696 1450 't gene onder haer is berustende, de saeck dan
2752 1400 2875 1490 de
654 1406 2849 1596 verders stellende en verblijvende aende gecommitt:
660 1535 2665 1731 boven genoemt, om met de delinge van deselve
652 1658 3003 1864 middelen sodanigs te handelen, als zij na billicks:
651 1834 2796 1973 sullen bevinden te behoren, ende Jngevalle het
662 1931 2810 2119 moghte komen te gebeuren, dat zij na het geene
669 2069 2785 2235 voorschreven staet niet en wilde luijsteren, ende
651 2184 2726 2365 alsoo onse goede meninge quamen te veraghten
2728 2249 2807 2370 _
648 2306 2799 2479 sog is verstaen die saeck jnt geheel de Iustitie te
636 2422 1845 2598 bevelen, en over te oeven„
728 2635 2801 2861 Dewijl onse Packsuijsen t' eenemael ontbloot zijn
646 2789 2821 2940 van peper, ende wij dat grain soo voor’t Daderlandt
646 2903 2698 3061 als tot vervolgh vanden Handel jnt Rijck van
634 3013 2812 3186 China, al jn goede quantiteijt sullen van noden hebben
635 3131 2812 3323 soo is goetgevonden, en verstaen, weder bezendinge
643 3261 2811 3387 tot jncoop van Peper na Danjer massings, te doen
656 3363 2714 3526 ende tot dien eijnde te gebruycken het fluijtschip
646 3464 2722 3665 Gselsteijn, mitsgaders tot opperhooft vande Vlegotie
652 3647 2748 3797 den Coopman Plicolaes Muller, die bij jnstructie
651 3736 2616 3913 geordonneert zal worden, het mede te geven
609 3846 2789 4035 Carquasoen, niet aen landt maer binnen scheeps
2547 3993 2766 4116 boort
