3154 4734
897 476 1447 659 Februarij
44 594 2684 772 „ 25: „  onder Cooplieden van Viecelen, en van der Weste na Banseamassinge
2593 691 2989 852 . No 39.
545 735 1036 845 te gebruijcken
2035 719 2447 841 D
450 800 2396 919 Dn S: picolass Muller mits deijgeringe syn Gagie affteschrijve,
360 860 2507 1058 t Cp do Cndraghe, Insoeker debaars naer Palembangh aengeleghe
386 1000 2720 1133 Ejtantin Robel op Ernstigh versoek mitssiekte voor enigen tijt van
635 1075 1405 1205 sijn diens Lontslaagen.
2735 1076 3008 1203 „ 40.
393 1156 2754 1302 En sijn Epaetze als tweede Oppercoopman van ’t Casteel soolange bij provisie
626 1254 2819 1385 te laten waernemen door den Oppercoopman Delmer vooburgh . . „.
364 1300 2686 1453 fequeel van den Gesuspendeerden onder Coopman Teodorus Vosbrjhmeer
2833 1360 2986 1513 41.
348 1451 2658 1585 den sorgeant Jan Eestphalen op maujitins gesuspendeert weder hersselt
588 1518 981 1623 van nuaej
2841 1541 3004 1692 45.
357 1571 2714 1769 Een gewesen luijg:t Pieter polvliet wder aeigenomen als tergant met 20. gl:
604 1688 1098 1835 Voor 3. Jer
743 1842 1292 2210 Wier
2882 2169 2955 2268 6
115 2129 2354 2305 S:n d:o d’ opperhooftden van ’t schip Ternaten de Haere pranie doegeleijk
350 2247 2689 2404 't opperhooft des soldijcomptoirs Mannelborne ze oppercoopmann 120: ge smaents
369 2374 1395 2515 sondr hoof Jagie In dien diens
383 2469 2693 2607 schipper bommer van Issels seijn telighten En als onbequaemm na 't patria
648 2569 951 2684 te senden
2754 2678 2846 2784 „
2862 2636 2999 2790 47
355 2655 2750 2792 de schepen huijd polsbroek, ontssoon, Basenbergh, en 'tavendam in Japara aengelegt
2872 2753 3017 2875 48
0 2726 2686 2921 p Deapprobeerde sententie des doots tegen den haid matthijs van malabaer
371 2895 2543 3005 Em den Peperhandel tot Balembang in Comp:s maght te conserteren
39 2871 331 3047 04:d:
2882 2980 3013 3110 5:8
368 2941 2507 3080 Is goetgevonden den E: dirk de Haes als Commissars derwarts te senden
372 3057 2604 3176 en neven de visite van dat Comtoir d’ H:r generael z= dot bekent temaeken
358 3177 2249 3289 en met dien Coninck 't Contract van No 1662: tesermeugen
378 3263 2129 3377 sten alle de daervallende peper aende Comp: te kerbdn
374 3314 2597 3507 den ondercoopman Abraham Van Hiebeek als te nc: in die cimmissie d:
2888 3443 3049 3571 51.
581 3453 1647 3583 de Haes bijgevoeght - - - - - - - - - - -
365 3500 2418 3695 ombij vertreck van d’Edehaes ook die Commissie te vervolgen - -
348 3635 2331 3753 de Chialoup de brack in de na Palembangh te saen. - - - - - - - - -
381 3684 2682 3878 Op 't stersoek van Dom:s brelius, den Coopman Couper toegestaen een keer
625 3823 1623 3947 Van Japava Berwaerts te doen
37 3890 2614 4057 : 8: d:o de besindinge, in visite derbandaze vlegotie boeken bij d’ E: damel parve
427 4005 1692 4137 —. pas. Dlt geapprobeert . . . . . . -
2158 4105 2544 4237 igh: paght
436 4110 1900 4242 die sodanigh van andie Comptoiren mede diens
2783 4108 2857 4193 „
2888 3951 3005 4124 5.
