3133 4719
963 338 1784 613 Nu9eg5
97 558 2991 754 20: d:o srot boomenen, om sijn geweet met getwel te wedets saen . . . . . . . . . r:o 296
2107 721 2171 810 1
341 703 1361 828 dogh sulx alziues temijden
2671 733 2722 815 „
2257 696 2526 867 2.9
133 797 2858 940 CConsideratie om een andre tesoluti omtrent de persitchesaeken tenemen. „ —
332 899 2828 1035 en sux de Hbbedenten gindet aende fogenten gen't Hoft denbekent manren . . . . „ —
316 997 2662 1135 't benden van partije Contanten Jaerlijx uijt persia naer bengale, omden
685 1080 1805 1236 seghten Handel als nogh te excuberen
2652 1044 2996 1251 „ 292:
310 1185 2524 1350 'tonderigent spiaulter in persia afftestaen voor 't geen het magh gelden.
320 1283 2016 1415 en den vertier van den Ceijlouzen arlick te besertigen . . .
319 1335 2726 1533 Het trecken van Wissels uijt Persia op souvatta te aptrgseren, teleevn als de Comp:
2679 1501 2790 1589 „
637 1487 2361 1614 daer op een effen bodem is - - - - - - - - - - - - - - . . .
2687 1559 3000 1724 „298.
320 1576 2548 1745 taennemen van datid saheds Coon tot Colck in Daniton goet - . . . . .
322 1699 2489 1821 bij ’t presente getal van dienaren in persia te Continieren - - . - . . .
2695 1670 2859 1817 „ —
2687 1780 2908 1935 „ —
332 1780 2506 1938 en nogh 3. â 4. Pennisten daerbosen, om 't ongesonde Climaet aen te Houden
45 1894 2045 2058 Jasolijxe betaende prosisie Voor den Eiecteur in persia
317 1996 1330 2154 Item 't opperhooft in spahan - - -
2715 2085 3014 2260 „ 299:
336 2098 1610 2262 en den adminis waturo Baniron. . .
335 2213 2593 2342 d P:r diretair fredrick beil nogh tot eenigen tijt Continuatie in schbia te
711 2323 1130 2461 versoeken - - -
289 2360 2596 2569 Waar dat ander mits wilende opkomen, 1o0: Transpon val mogen doen„
555 2536 2538 2649 aen den Oppe Coopman Heinnier La Canbroot, als prol: gesaghebber
334 2578 2069 2794 Justus van den Beuvel als dan weder opperhooft in pahan
2715 2689 3016 2865 „ 300
313 2751 1505 2878 adiaen Hepelaer in Hamron.
348 2843 1617 3017 Nicolaes Hitzort Packhuijsnees ter
1844 2865 2071 3000 P
316 2926 2834 3145 de 4. nmu affgaende bodems, alle tot ½ decemb: in souratta aen te houden . . . . . . . „ -
294 3098 2787 3219 en dan de veluwe alden, off net nogh 1. â 2. bodems nacessia te latennoortgaen . . „
305 3219 2602 3354 de bedorden sompen uijt souvatta te tugh gebrache, door gecommitteerde te doen
2715 3266 3017 3432 „ 301.
1497 3320 2302 3465 -- - - - -. 5-..
600 3331 948 3468 Verbande
2694 3403 2990 3589 „ 302
97 3386 2405 3597 20: d=o de shuijten Jans kerke, en Westervelt aengeleijt naer Arrakan
333 3524 2612 3690 t Jachjeorangie van den borger Capt: Pieter van leeuwen gehoek: Voor
607 3644 1226 3780 2000. tbjxdos - . .
317 3670 2546 3863 d: CComp van ’t Jaght batavia Verkoght voor 580. lD: aen Totsomqua.
2729 3774 2999 3977 3365
298 3858 2602 3959 den Coopman Jacob Van Dijck andermael naer bantam teCommitteren
308 3939 2239 4091 om hun tot kunnen besten, en tuste des Lants te saaden
163 4051 2207 4189 dogh dat Wij niet geeme Embononde bantam souden gedogen
