3043 4601
59 -5 271 154 146:
2145 114 2201 236 1.
110 152 346 350 140.
733 195 2989 570 Lijnsdagh J: Junius 16780::
2838 620 2995 714 .
800 891 3018 1101 taet met request binnen Mr. Harman van klencke
63 935 597 1124 Versoek Van d E
570 1045 2657 1211 van odesse, versoeckende dat desselfs schoon soon
65 1084 585 1178 Harman Klencke
70 1153 653 1259 tegen Corn: Berenbergh
673 1135 3016 1277 Cornelis Derenbergh, dewelcken op 17: des voorleden
59 1221 666 1330 tot Expeditie Van Tehit
565 1301 657 1377 —
659 1299 3008 1421 maents revisie is geaccordeert vanseker proces tisschen
57 1281 576 1425 Proces in Aiviie
644 1372 3006 1506 hem, en gemelte klencke, neffens de Weeskaner
656 1466 2765 1606 deser stede, op 8:o september 1676. bijde raad ’t
646 1597 2938 1746 van Justitie deses Casteels. uijtgesproken) moghte.
659 1716 2898 1818 werden gelast, voor schreven zijne geobtineerde.
660 1790 2899 1932 revilie, binnen sekeren korten tijt te vervorderen
654 1917 2925 2050 op pahie van versteck, en eenwigh stilswijgen, op ’t
661 2015 2921 2161 welcke na deliberatie verstaen is, den gesegtden
683 2148 2969 2263 E klencke te renvoijeren, aenden Aghtbkeren
68 2117 663 2285 et aen de aer van
92 2257 676 2387 Justitie gerenvogeot
655 2237 2732 2375 raadt van sustitie, aen dewelcke zal wer den
658 2353 2883 2483 gerecommandeert parthijen te jnsungeren, dat zij
657 2464 3009 2603 weder tyds haere saecken, op ’t spoedigste sullen hebben
651 2581 1506 2733 te vervorderen &:o
639 2740 2783 2941 den Auachoda, ofte schipper vant Cantonse chinese
697 2883 2910 3003 Jonck, op 8: februarij passato hier aengekomen niet
654 2935 2957 3127 seen Compliment briefje vanden vice roij Pinglamongh.
653 3089 2898 3220 aen dese regeringh, jegenwoordigh bij request versoght
654 3207 2970 3329 hebbende om tot retour van zijn verkoghte Coopmansz:
664 3302 2941 3442 parthije peper, lakenen Darusteen, &:a van de Comp:s
658 3439 2816 3541 te mogen kopen, dewijle zij anderins hunne ladinge
652 3524 2990 3668 alhier onder de Borgerije net en konnen bemaghtigen,
652 3601 2789 3744 soo is daer op goetgevonden dat d'E Hr. Directeur
61 3576 633 3752 den Anaet da vand
71 3719 655 3828 Cantonz Houn Konn
663 3757 2835 3888 benerael haer met 800: a 1000. picoes peper; en
58 3781 640 3882 Met ij Leper en
78 3843 595 3948 andere goedren tot
669 3849 2846 3962 eenige andere goederen, die buijten ondienst van
65 3907 599 4023 Nedelijcke prijsent
626 3935 2879 4113 Comp:s eijgen negotie en voorgenome besendinge
75 3994 592 4123 Accommder
656 4089 2950 4198 naer chna, konnen werden gemist, saltaccomoderen
2671 4157 2870 4305 tot
