<?xml version="1.0" encoding="UTF-8" standalone="yes"?>
<PcGts xmlns="http://schema.primaresearch.org/PAGE/gts/pagecontent/2013-07-15" xmlns:xsi="http://www.w3.org/2001/XMLSchema-instance" xsi:schemaLocation="http://schema.primaresearch.org/PAGE/gts/pagecontent/2013-07-15 http://schema.primaresearch.org/PAGE/gts/pagecontent/2013-07-15/pagecontent.xsd">
    <Metadata>
        <Creator>prov=University of Rostock/Institute of Mathematics/CITlab|PLANET AI GmbH/Gundram Leifert/gundram.leifert@planet-ai.de:name=Dutch Mountains (18th Century)(htr_id=21683)::::v=2.6.6
prov=University of Rostock/Institute of Mathematics/CITlab|PLANET AI GmbH/Tobias Gruening/tobias.gruening@planet-ai.de:name=de.uros.citlab.module.baseline2polygon.B2PSeamMultiOriented:v=2.6.6
prov=University of Rostock/Institute of Mathematics/CITlab|PLANET AI GmbH/Tobias Gruening/tobias.gruening@planet-ai.de:name=/net_tf/LA73_249_0mod360.pb:de.uros.citlab.segmentation.CITlab_LA_ML:v=2.6.6
Transkribus</Creator>
        <Created>2020-09-07T17:36:46.345+07:00</Created>
        <LastChange>2020-09-07T15:26:37.935+02:00</LastChange>
        <TranskribusMetadata docId="471980" pageId="19528108" pageNr="45" tsid="39437798" status="IN_PROGRESS" userId="15017" imgUrl="https://files.transkribus.eu/Get?id=DAYQRZGLJZMCRIXSTKKGIKFD&amp;fileType=view" xmlUrl="https://files.transkribus.eu/Get?id=ZYAYHPGTRWEGGMKOCBOOCPKR" imageId="15087945"/>
    </Metadata>
    <Page imageFilename="ID-ANRI_K66a_890_45.jpg" imageWidth="3080" imageHeight="4691">
        <ReadingOrder>
            <OrderedGroup id="ro_1620456083685" caption="Regions reading order">
                <RegionRefIndexed index="0" regionRef="r1"/>
            </OrderedGroup>
        </ReadingOrder>
        <TextRegion orientation="0.0" id="r1" custom="readingOrder {index:0;}">
            <Coords points="18,38 18,4598 2993,4598 2993,38"/>
            <TextLine id="r1l1" custom="readingOrder {index:0;}">
                <Coords points="2776,137 2804,131 2828,146 2864,123 2877,134 2891,128 2898,135 2912,128 2930,136 2958,134 2961,43 2940,42 2923,24 2906,23 2896,13 2882,19 2862,-3 2830,-4 2819,6 2809,-5 2781,-6"/>
                <Baseline points="2795,90 2824,94 2853,95 2882,95 2911,96 2940,98"/>
                <TextEquiv>
                    <Unicode>45.</Unicode>
                </TextEquiv>
            </TextLine>
            <TextLine id="r1l2" custom="readingOrder {index:1;}">
                <Coords points="191,342 229,336 255,355 309,326 347,355 364,353 351,190 334,191 318,210 283,209 257,197 216,207 197,191 180,193"/>
                <Baseline points="203,275 230,280 257,284 284,281 311,275 338,263"/>
                <TextEquiv>
                    <Unicode>1o</Unicode>
                </TextEquiv>
            </TextLine>
            <TextLine id="r1l3" custom="readingOrder {index:2;}">
                <Coords points="2573,312 2594,315 2626,359 2648,373 2708,354 2746,356 2773,180 2738,179 2729,170 2691,189 2640,149 2599,146"/>
                <Baseline points="2592,300 2620,308 2649,318 2678,324 2707,325 2736,317"/>
                <TextEquiv>
                    <Unicode>45</Unicode>
                </TextEquiv>
            </TextLine>
            <TextLine id="r1l4" custom="readingOrder {index:3;}">
                <Coords points="28,426 49,426 56,419 63,422 94,419 94,332 77,332 70,328 49,346 28,346"/>
                <Baseline points="45,399 78,399"/>
                <TextEquiv>
                    <Unicode>8</Unicode>
                </TextEquiv>
            </TextLine>
            <TextLine id="r1l5" custom="readingOrder {index:4;}">
                <Coords points="135,663 2464,647 2463,500 2323,449 1643,556 1325,452 802,552 134,474"/>
                <Baseline points="153,617 267,618 382,618 497,618 611,620 726,620 841,618 955,618 1070,618 1185,617 1300,617 1414,617 1529,615 1644,615 1758,614 1873,614 1988,612 2102,612 2217,612 2332,611 2447,611"/>
                <TextEquiv>
                    <Unicode>dat deselve ten oureghten heeft stil gestaen ofte afgesz</Unicode>
                </TextEquiv>
            </TextLine>
            <TextLine id="r1l6" custom="readingOrder {index:5;}">
                <Coords points="-5,763 16,765 83,731 115,763 180,778 224,822 264,806 302,814 321,655 272,656 263,644 229,664 198,654 155,666 139,653 113,664 15,603"/>
                <Baseline points="18,714 43,721 68,727 93,734 118,739 143,744 168,748 193,750 218,752 243,750 268,748 294,743"/>
                <TextEquiv>
                    <Unicode>1 zij</Unicode>
                </TextEquiv>
            </TextLine>
            <TextLine id="r1l7" custom="readingOrder {index:6;}">
                <Coords points="124,920 2910,885 2939,693 2326,806 1305,712 123,829"/>
                <Baseline points="140,887 279,885 418,884 557,882 697,879 836,876 975,873 1114,871 1254,868 1393,865 1532,863 1671,860 1811,858 1950,855 2089,854 2228,854 2368,852 2507,852 2646,854 2785,855 2925,858"/>
                <TextEquiv>
                    <Unicode>op het versoeck van Jan Beestwhalen, zijnde door den teigent En</Unicode>
                </TextEquiv>
            </TextLine>
            <TextLine id="r1l8" custom="readingOrder {index:7;}">
                <Coords points="29,1012 2856,927 2553,838 26,911"/>
                <Baseline points="45,998 184,996 324,995 463,992 603,990 743,987 882,984 1022,981 1161,978 1301,975 1441,971 1580,967 1720,963 1859,958 1999,953 2139,948 2278,942 2418,935 2557,929 2697,923 2837,915"/>
                <TextEquiv>
                    <Unicode>den Commandeur Eubert Bugo, van het Eijlandt thalen op</Unicode>
                </TextEquiv>
            </TextLine>
            <TextLine id="r1l9" custom="readingOrder {index:8;}">
                <Coords points="2425,1024 2698,990 2725,1015 2788,998 2820,1026 2858,998 3012,1023 3012,950 2963,925 2796,938 2778,921 2722,956 2694,934 2565,951 2426,933"/>
                <Baseline points="2444,975 2471,979 2498,982 2526,984 2553,986 2581,987 2608,987 2636,988 2663,989 2691,987 2718,987 2745,987 2773,987 2800,986 2828,986 2855,985 2883,984 2910,984 2938,984 2965,985 2993,986"/>
                <TextEquiv>
                    <Unicode>Moiritius gesusgendeede</Unicode>
                </TextEquiv>
            </TextLine>
            <TextLine id="r1l10" custom="readingOrder {index:9;}">
                <Coords points="2462,1049 2538,1062 2643,1054 2688,1069 2776,1053 2898,1060 2900,997 2854,999 2812,1023 2788,998 2735,1014 2711,992 2641,1008 2561,992 2543,1009 2463,1008"/>
                <Baseline points="2480,1035 2505,1039 2530,1043 2555,1045 2580,1047 2605,1049 2630,1049 2655,1050 2681,1050 2706,1050 2731,1050 2756,1050 2781,1050 2806,1049 2831,1049 2856,1049 2882,1050"/>
                <TextEquiv>
                    <Unicode>weder herstele</Unicode>
                </TextEquiv>
            </TextLine>
            <TextLine id="r1l11" custom="readingOrder {index:10;}">
                <Coords points="2881,1064 2906,1061 2913,1064 2951,1059 2943,1000 2916,1004 2912,1001 2893,1021 2876,1023"/>
                <Baseline points="2898,1050 2931,1046"/>
                <TextEquiv>
                    <Unicode></Unicode>
                </TextEquiv>
            </TextLine>
            <TextLine id="r1l12" custom="readingOrder {index:11;}">
                <Coords points="145,1126 1890,1068 2799,1149 2798,1051 2354,1053 2245,953 144,1056"/>
                <Baseline points="164,1107 294,1109 425,1109 556,1107 687,1106 818,1103 949,1100 1079,1095 1210,1091 1341,1088 1472,1085 1603,1081 1734,1079 1865,1077 1995,1076 2126,1077 2257,1079 2388,1082 2519,1088 2650,1094 2781,1104"/>
                <TextEquiv>
                    <Unicode>Cauritius gesuspendeert na de Caeb de bonne Eperan nu aan</Unicode>
                </TextEquiv>
            </TextLine>
            <TextLine id="r1l13" custom="readingOrder {index:12;}">
                <Coords points="65,1249 2439,1214 2270,1098 64,1123"/>
                <Baseline points="83,1218 200,1221 317,1221 434,1221 551,1221 668,1220 785,1218 902,1215 1019,1213 1136,1210 1253,1208 1370,1205 1487,1203 1604,1200 1721,1199 1838,1197 1955,1196 2072,1197 2189,1197 2306,1200 2423,1203"/>
                <TextEquiv>
                    <Unicode>gesonden; ende toulangs met het Iagst de Cabellauw.</Unicode>
                </TextEquiv>
            </TextLine>
            <TextLine id="r1l14" custom="readingOrder {index:13;}">
                <Coords points="139,1343 2430,1381 2429,1269 2268,1211 418,1283 261,1210 139,1277"/>
                <Baseline points="155,1314 267,1317 380,1319 493,1320 606,1322 719,1322 832,1322 944,1322 1057,1320 1170,1319 1283,1317 1396,1316 1509,1314 1622,1313 1734,1311 1847,1311 1960,1311 2073,1311 2186,1311 2299,1313 2412,1314"/>
                <TextEquiv>
                    <Unicode>van daer hier aengekomen, is goetgevonden ten</Unicode>
                </TextEquiv>
            </TextLine>
            <TextLine id="r1l15" custom="readingOrder {index:14;}">
                <Coords points="156,1437 2457,1478 2456,1370 2114,1341 155,1333"/>
                <Baseline points="174,1428 287,1430 400,1431 513,1431 627,1433 740,1433 853,1433 966,1431 1080,1431 1193,1431 1306,1430 1419,1428 1533,1427 1646,1426 1759,1425 1872,1424 1986,1422 2099,1421 2212,1419 2325,1418 2439,1418"/>
                <TextEquiv>
                    <Unicode>weder te herstellen, jn zijn vorige qualiteijt en</Unicode>
                </TextEquiv>
            </TextLine>
            <TextLine id="r1l16" custom="readingOrder {index:15;}">
                <Coords points="146,1612 244,1563 314,1605 415,1548 698,1579 799,1550 942,1571 984,1539 1162,1601 1162,1479 1046,1441 527,1503 404,1475 331,1500 146,1445"/>
                <Baseline points="164,1548 213,1550 262,1550 311,1550 360,1550 409,1550 458,1550 507,1551 556,1551 605,1551 655,1550 704,1550 753,1550 802,1550 851,1550 900,1548 949,1548 998,1547 1047,1547 1096,1545 1146,1544"/>
                <TextEquiv>
                    <Unicode>gagie van dato deses.</Unicode>
                </TextEquiv>
            </TextLine>
            <TextLine id="r1l17" custom="readingOrder {index:16;}">
                <Coords points="2235,1587 2259,1586 2263,1582 2270,1585 2286,1570 2294,1573 2300,1569 2328,1568 2323,1474 2292,1475 2265,1501 2251,1488 2230,1493"/>
                <Baseline points="2250,1554 2280,1553 2310,1551"/>
                <TextEquiv>
                    <Unicode>„</Unicode>
                </TextEquiv>
            </TextLine>
            <TextLine id="r1l18" custom="readingOrder {index:17;}">
                <Coords points="2447,1734 2615,1726 2660,1748 2716,1721 2849,1734 2880,1759 2971,1743 2973,1610 2840,1643 2808,1674 2777,1652 2734,1669 2686,1633 2647,1660 2616,1632 2539,1648 2484,1616 2449,1622"/>
                <Baseline points="2465,1718 2490,1719 2516,1719 2542,1721 2568,1721 2593,1721 2619,1721 2645,1721 2671,1721 2697,1721 2722,1721 2748,1721 2774,1721 2800,1722 2826,1722 2851,1724 2877,1725 2903,1727 2929,1728 2955,1730"/>
                <TextEquiv>
                    <Unicode>den 9e wesen luijt:s</Unicode>
                </TextEquiv>
            </TextLine>
            <TextLine id="r1l19" custom="readingOrder {index:18;}">
                <Coords points="85,1780 2466,1747 2465,1643 2101,1570 1617,1687 971,1672 827,1587 84,1644"/>
                <Baseline points="104,1727 221,1728 338,1730 455,1731 572,1731 689,1731 806,1731 924,1730 1041,1728 1158,1727 1275,1725 1392,1724 1509,1722 1626,1720 1744,1718 1861,1716 1978,1714 2095,1712 2212,1710 2329,1709 2447,1707"/>
                <TextEquiv>
                    <Unicode>Pieten Polpliet vander ouw, voordesen geweest</Unicode>
                </TextEquiv>
            </TextLine>
            <TextLine id="r1l20" custom="readingOrder {index:19;}">
                <Coords points="2389,1824 2431,1826 2465,1800 2526,1826 2560,1807 2665,1821 2787,1799 2864,1821 2889,1813 2886,1729 2844,1741 2718,1721 2659,1741 2501,1726 2388,1782"/>
                <Baseline points="2408,1815 2433,1810 2459,1804 2485,1799 2510,1796 2536,1793 2562,1791 2588,1790 2613,1788 2639,1788 2665,1788 2690,1788 2716,1788 2742,1790 2768,1790 2793,1790 2819,1791 2845,1791 2871,1791"/>
                <TextEquiv>
                    <Unicode> P: Lolvlet</Unicode>
                </TextEquiv>
            </TextLine>
            <TextLine id="r1l21" custom="readingOrder {index:20;}">
                <Coords points="162,1901 2368,1878 2366,1735 872,1744 538,1819 408,1740 161,1810"/>
                <Baseline points="179,1851 287,1854 396,1857 504,1859 613,1859 721,1859 830,1858 938,1857 1047,1854 1155,1853 1264,1850 1372,1847 1481,1844 1589,1842 1698,1839 1806,1838 1915,1836 2023,1835 2132,1835 2240,1835 2349,1836"/>
                <TextEquiv>
                    <Unicode>Luijtenant, jn dienst der E Compt: en overbegane</Unicode>
                </TextEquiv>
            </TextLine>
            <TextLine id="r1l22" custom="readingOrder {index:21;}">
                <Coords points="2418,1914 2529,1869 2672,1862 2735,1896 2766,1871 2798,1887 2881,1868 2966,1883 2964,1813 2915,1797 2870,1816 2559,1806 2531,1828 2471,1801 2416,1823"/>
                <Baseline points="2433,1866 2458,1865 2484,1863 2510,1862 2536,1860 2561,1859 2587,1857 2613,1856 2639,1856 2664,1856 2690,1854 2716,1853 2742,1853 2767,1853 2793,1853 2819,1853 2845,1853 2870,1853 2896,1853 2922,1853 2948,1853"/>
                <TextEquiv>
                    <Unicode>weder aengenomen</Unicode>
                </TextEquiv>
            </TextLine>
            <TextLine id="r1l23" custom="readingOrder {index:22;}">
                <Coords points="2438,1933 2490,1929 2543,1949 2634,1930 2651,1947 2682,1933 2704,1946 2934,1915 2933,1880 2881,1870 2815,1889 2765,1872 2741,1886 2695,1863 2437,1884"/>
                <Baseline points="2454,1923 2479,1923 2505,1922 2530,1922 2556,1922 2582,1922 2607,1923 2633,1923 2658,1923 2684,1923 2710,1923 2735,1922 2761,1922 2786,1921 2812,1920 2838,1918 2863,1916 2889,1916 2915,1913"/>
                <TextEquiv>
                    <Unicode>als zergran et</Unicode>
                </TextEquiv>
            </TextLine>
            <TextLine id="r1l24" custom="readingOrder {index:23;}">
                <Coords points="161,2007 2793,2031 2985,2010 2985,1913 1931,1840 161,1931"/>
                <Baseline points="179,1977 318,1977 458,1977 597,1977 737,1976 876,1973 1016,1971 1155,1970 1295,1967 1434,1965 1574,1964 1713,1962 1853,1962 1992,1962 2132,1963 2271,1965 2411,1968 2550,1973 2690,1978 2829,1985 2969,1995"/>
                <TextEquiv>
                    <Unicode>misslagen op Seijlon gedeporteert als nu ernstigh ver„ zogl voor drie Jaer</Unicode>
                </TextEquiv>
            </TextLine>
            <TextLine id="r1l25" custom="readingOrder {index:24;}">
                <Coords points="161,2121 2469,2122 2467,1985 160,1999"/>
                <Baseline points="177,2099 290,2100 404,2100 518,2099 631,2099 745,2096 859,2094 972,2092 1086,2090 1200,2087 1314,2084 1427,2081 1541,2079 1655,2077 1768,2076 1882,2076 1996,2076 2109,2078 2223,2079 2337,2084 2451,2088"/>
                <TextEquiv>
                    <Unicode>soeckende om weder jn gemelten dienst aengenomen</Unicode>
                </TextEquiv>
            </TextLine>
            <TextLine id="r1l26" custom="readingOrder {index:25;}">
                <Coords points="166,2216 2359,2210 2358,2140 2009,2091 1294,2167 1024,2100 931,2181 165,2121"/>
                <Baseline points="185,2199 292,2205 400,2208 508,2210 616,2211 723,2211 831,2211 939,2210 1047,2208 1154,2207 1262,2205 1370,2202 1478,2201 1585,2198 1693,2196 1801,2195 1909,2193 2016,2193 2124,2193 2232,2195 2340,2198"/>
                <TextEquiv>
                    <Unicode>te werden, onder belofte van sigh voortaen beter</Unicode>
                </TextEquiv>
            </TextLine>
            <TextLine id="r1l27" custom="readingOrder {index:26;}">
                <Coords points="166,2331 2509,2322 2507,2172 1454,2282 165,2237"/>
                <Baseline points="183,2319 298,2324 414,2327 529,2328 645,2330 760,2330 876,2328 991,2327 1107,2325 1222,2324 1338,2321 1453,2319 1569,2316 1684,2315 1800,2313 1915,2312 2031,2312 2146,2312 2262,2312 2377,2314 2493,2318"/>
                <TextEquiv>
                    <Unicode>en voorsigster te sullen dragen, soo is goetgevonden</Unicode>
                </TextEquiv>
            </TextLine>
            <TextLine id="r1l28" custom="readingOrder {index:27;}">
                <Coords points="163,2453 2272,2439 2486,2504 2484,2329 2414,2323 1242,2401 162,2352"/>
                <Baseline points="180,2447 294,2448 408,2448 523,2448 637,2448 752,2447 866,2447 981,2444 1095,2442 1210,2441 1324,2439 1438,2438 1553,2435 1667,2433 1782,2432 1896,2432 2011,2430 2125,2430 2240,2432 2354,2433 2469,2435"/>
                <TextEquiv>
                    <Unicode>hem toe te voegen de qualiteijt van sen geant met</Unicode>
                </TextEquiv>
            </TextLine>
            <TextLine id="r1l29" custom="readingOrder {index:28;}">
                <Coords points="150,2594 2206,2561 2444,2626 2475,2493 2080,2446 1892,2519 1651,2440 1511,2520 1385,2444 149,2510"/>
                <Baseline points="168,2565 282,2567 396,2567 511,2568 625,2568 740,2568 854,2568 969,2568 1083,2567 1198,2567 1312,2566 1426,2565 1541,2565 1655,2564 1770,2564 1884,2562 1999,2562 2113,2562 2228,2564 2342,2564 2457,2565"/>
                <TextEquiv>
                    <Unicode>den beloningh van twintigs guldens ter maent onder</Unicode>
                </TextEquiv>
            </TextLine>
            <TextLine id="r1l30" custom="readingOrder {index:29;}">
                <Coords points="19,2692 288,2732 372,2687 532,2745 1569,2727 1602,2571 1318,2624 1155,2574 568,2633 20,2605"/>
                <Baseline points="38,2670 115,2678 192,2685 269,2689 347,2693 424,2696 501,2697 578,2699 656,2699 733,2697 810,2697 887,2696 965,2696 1042,2694 1119,2694 1196,2693 1274,2693 1351,2693 1428,2694 1505,2697 1583,2700"/>
                <TextEquiv>
                    <Unicode>een verbandt van drie Iaeren.</Unicode>
                </TextEquiv>
            </TextLine>
            <TextLine id="r1l31" custom="readingOrder {index:30;}">
                <Coords points="216,3010 2367,3029 2367,2914 2102,2833 1934,2924 1529,2923 1396,2835 216,2870"/>
                <Baseline points="234,2988 339,2990 445,2991 551,2993 657,2994 762,2994 868,2996 974,2996 1080,2996 1185,2996 1291,2996 1397,2996 1503,2996 1608,2996 1714,2996 1820,2996 1926,2996 2031,2996 2137,2996 2243,2996 2349,2996"/>
                <TextEquiv>
                    <Unicode>Batavia int Casteel datum als boven</Unicode>
                </TextEquiv>
            </TextLine>
            <TextLine id="r1l32" custom="readingOrder {index:31;}">
                <Coords points="2003,3268 2046,3282 2146,3259 2165,3236 2312,3272 2387,3216 2516,3204 2553,3190 2542,3069 2489,3102 2439,3092 2367,3151 2317,3135 2249,3162 2191,3139 2117,3170 2052,3116 1989,3119"/>
                <Baseline points="2018,3239 2045,3234 2072,3230 2099,3227 2127,3222 2154,3219 2181,3215 2209,3213 2236,3210 2263,3207 2291,3204 2318,3203 2345,3201 2373,3199 2400,3197 2427,3195 2455,3194 2482,3193 2509,3192 2537,3191"/>
                <TextEquiv>
                    <Unicode>van goeus</Unicode>
                </TextEquiv>
            </TextLine>
            <TextLine id="r1l33" custom="readingOrder {index:32;}">
                <Coords points="1809,3454 1877,3433 1932,3471 2003,3435 2076,3473 2137,3437 2342,3428 2375,3394 2448,3446 2551,3404 2640,3430 2631,3294 2431,3275 2202,3360 2063,3330 2000,3376 1921,3349 1805,3395"/>
                <Baseline points="1824,3428 1863,3426 1903,3423 1943,3420 1982,3418 2022,3415 2062,3411 2101,3408 2141,3406 2181,3404 2221,3399 2260,3396 2300,3394 2340,3392 2379,3390 2419,3387 2459,3386 2498,3384 2538,3384 2578,3383 2618,3383"/>
                <TextEquiv>
                    <Unicode>anvom Pit</Unicode>
                </TextEquiv>
            </TextLine>
            <TextLine id="r1l34" custom="readingOrder {index:33;}">
                <Coords points="1817,3606 1905,3625 2113,3551 2240,3614 2368,3558 2473,3577 2573,3519 2682,3541 2890,3490 2888,3413 2811,3398 2683,3450 1814,3453"/>
                <Baseline points="1833,3543 1885,3545 1937,3545 1989,3544 2041,3543 2093,3542 2145,3540 2197,3537 2249,3536 2301,3533 2353,3531 2405,3528 2457,3527 2509,3525 2561,3524 2613,3524 2665,3524 2717,3524 2769,3526 2821,3529 2873,3531"/>
                <TextEquiv>
                    <Unicode>p. R. Bortwater</Unicode>
                </TextEquiv>
            </TextLine>
            <TextLine id="r1l35" custom="readingOrder {index:34;}">
                <Coords points="1940,3784 2262,3707 2646,3722 2744,3734 2802,3784 2917,3780 2921,3612 2703,3660 2361,3653 2185,3565 1944,3595"/>
                <Baseline points="1958,3716 2005,3712 2052,3709 2099,3707 2146,3704 2193,3702 2240,3701 2288,3699 2335,3699 2382,3698 2429,3699 2476,3701 2523,3702 2570,3704 2618,3707 2665,3710 2712,3715 2759,3720 2806,3725 2853,3731 2901,3738"/>
                <TextEquiv>
                    <Unicode>Iutenansorte</Unicode>
                </TextEquiv>
            </TextLine>
            <TextLine id="r1l36" custom="readingOrder {index:35;}">
                <Coords points="2103,4423 2310,4360 2465,4407 2548,4366 2675,4421 2788,4354 2863,4394 2894,4382 2888,4201 2760,4226 2699,4197 2618,4266 2552,4275 2443,4254 2388,4284 2215,4227 2097,4252"/>
                <Baseline points="2117,4364 2156,4365 2196,4365 2236,4365 2276,4364 2316,4364 2356,4363 2396,4362 2436,4361 2476,4359 2516,4358 2556,4356 2596,4355 2636,4353 2676,4352 2716,4349 2756,4347 2796,4345 2836,4343 2876,4341"/>
                <TextEquiv>
                    <Unicode>Jan Jamp huij 173</Unicode>
                </TextEquiv>
            </TextLine>
            <TextLine id="r1l37" custom="readingOrder {index:36;}">
                <Coords points="2042,4611 2135,4585 2168,4611 2293,4636 2351,4624 2380,4593 2436,4592 2424,4446 2373,4454 2337,4495 2312,4490 2290,4510 2226,4462 2192,4476 2177,4463 2105,4525 2035,4527"/>
                <Baseline points="2055,4572 2080,4570 2106,4568 2131,4568 2157,4566 2183,4565 2208,4565 2234,4562 2260,4560 2285,4560 2311,4557 2337,4553 2362,4549 2388,4543 2414,4536"/>
                <TextEquiv>
                    <Unicode>Seret</Unicode>
                </TextEquiv>
            </TextLine>
            <TextEquiv>
                <Unicode>45.
1o
45
8
dat deselve ten oureghten heeft stil gestaen ofte afgesz
1 zij
op het versoeck van Jan Beestwhalen, zijnde door den teigent En
den Commandeur Eubert Bugo, van het Eijlandt thalen op
Moiritius gesusgendeede
weder herstele

Cauritius gesuspendeert na de Caeb de bonne Eperan nu aan
gesonden; ende toulangs met het Iagst de Cabellauw.
van daer hier aengekomen, is goetgevonden ten
weder te herstellen, jn zijn vorige qualiteijt en
gagie van dato deses.
„
den 9e wesen luijt:s
Pieten Polpliet vander ouw, voordesen geweest
 P: Lolvlet
Luijtenant, jn dienst der E Compt: en overbegane
weder aengenomen
als zergran et
misslagen op Seijlon gedeporteert als nu ernstigh ver„ zogl voor drie Jaer
soeckende om weder jn gemelten dienst aengenomen
te werden, onder belofte van sigh voortaen beter
en voorsigster te sullen dragen, soo is goetgevonden
hem toe te voegen de qualiteijt van sen geant met
den beloningh van twintigs guldens ter maent onder
een verbandt van drie Iaeren.
Batavia int Casteel datum als boven
van goeus
anvom Pit
p. R. Bortwater
Iutenansorte
Jan Jamp huij 173
Seret</Unicode>
            </TextEquiv>
        </TextRegion>
    </Page>
</PcGts>
