3111 4474
1 150 128 292 doa
5 668 102 809 d
38 1853 111 1970 k
287 -4 550 314 hen
2719 109 2903 334 63
178 435 2437 603 ende herwaefts gesonden moghten worden om niet
180 582 1068 758 verlegen te vallen..
247 731 2410 919 Tewijl het Saijsoen, weder begint toe te laeten
165 906 2416 1079 om besendinge na Bengale te konnen doen, ende de
154 999 2203 1189 B:r ordinaris raadt van India Laurens Pit, de
115 1107 2292 1237 notulen uijt de van daer ontfangene brieven en
163 1264 2387 1395 papieren, als nu jn vergaderingh heeft gebraeht
179 1345 2444 1499 om op eenige zaecken, die directie aengaende de ver
169 1480 2413 1591 Eijschte ordre te stellen, ende sodanigen besluijt te
176 1570 2442 1709 niemen, als den dienst vande Comp: soude komen
167 1682 2456 1862 te vereijkchen, soo is na voorgaende deliberatie goet
169 1811 2428 1992 gevonden, ende vastgestelt voor de eerste bezendingh
2416 1830 3045 2022 de hie ente en oe
165 1926 2445 2083 derwaerts aente leggen, ende te doen gereet maecken
2457 1988 3060 2077 macker Voor d' Eerste
2430 2051 3041 2160 besindinge naer bergale
65 2035 2373 2246 defluijtschepen pijnaken ende de Lantman, mits„
2439 2120 2762 2223 affbsinden
159 2177 2487 2334 gaders met deselve ten behoeve van gem:te Bengael„
2422 2220 3051 2419 in daer met oook 200E.
162 2258 2329 2487 se, directie afte zenden, 200E: ropijen, onlangs
2406 2375 2897 2506 cytet Hapias
171 2393 2515 2594 met het jaght nieuw noortwijck, uijt suratta, ontfangen
2528 2495 2953 2708 2000 P:s Pigt
168 2515 2535 2707 en boven dien nogh 2000: picols peper, Hoewel onse sen
162 2635 2430 2812 packhuijsen daer van, nu gansch sober zijn voorsien
157 2743 2332 2925 en wij deselve tot den aenstaende Chinesen handel
173 2872 2497 3021 wel van noden sullen hebben, ende na dien oock den
167 2979 2418 3189 Peper hier omttrent en op het Eijlandt Sumatra
168 3161 2338 3288 vallende jn het Daderlandt beter gewilt is als
99 3205 2426 3411 de Mallabaerse, soo is goetgevonden, de eerste soort
172 3360 2257 3502 soo veel als moogelijck zij tot afladingh der retour
166 3444 2480 3627 schepen te bewaeren, ende tot dien eynde na Bengale
2499 3468 3067 3626 de Loper Voor bengale
2452 3589 3048 3689 nde presente schraphuijt
181 3571 2438 3749 te ordonneren, dat den directeur ende den raad voort„
2429 3653 2967 3744 Vandat greijn van
2431 3720 3078 3845 mallabaer te doen eijsschen
180 3692 2480 3860 aen bij tijts soo veel peper van Conchin, sullen hebben.
173 3800 2476 3949 te eijsschen, als zij oordeelen, sullen dat bij haer zal
174 3920 1268 4073 konnen worden vertiert,
2917 10 3038 128 35
