3060 4693
25 17 226 168 204
68 198 294 358 201
514 339 1388 547 4„ paerde kneghts.
478 470 2952 683 10. palankijn dragers, die oock met eenen moeten dienen
976 627 2674 802 tot waterhaelders voor het guarmsoen.
1291 788 2571 1003 Tot Masschapamam
531 986 1878 1213 1. Oppercoopman tot opperhoost.
2779 1050 2900 1194 „ do
2623 1155 2744 1251 28.
533 1119 2726 1301 1 „ Coopman tot secunde persoon, dogh beijde net gelixke
984 1294 2985 1440 verantwoordings, en alles moetende verrighten niet
969 1397 3019 1528 malkanders kennisse, zullende de secunde persoon
972 1450 2623 1625 oock moeten zoude de negotie boecken
486 1586 2914 1782 1. Ondercoopman tot fiscael en over de specerije packhuijsen
535 1733 2839 1853 1. ondercoopman over de Lijwaet packhuijsen, en die een uijt
901 1816 2870 2004 de adsistenten tot hulp sal hebben, om de facturen
959 1904 1474 2077 te bebogen.
581 1991 2652 2215 Doeckhouder tot eerste klerck op de secretarije.
492 2136 2944 2346 10. soo adsistenten als Jongh adsistenten, niet om dats 'er alle nodige
957 2242 2803 2394 zijn maer om sodanigen reden als hier boven is
998 2337 2107 2516 geseght van palleacatta.
1391 2527 1477 2581 —
541 2431 1431 2647 1. Cranckbesoecker
517 2574 1302 2720 1. Opper Birurgijn
530 2663 1373 2866 1. onder hirurgijn
542 2792 1196 2965 1. Crompetter
539 2925 1177 3095 1. Corporael.
547 3027 1125 3177 7: zoedaten:
1311 3074 2278 3301 Jnlantse Dienaers.
507 3237 1855 3451 30. pions daer onder haer hooft.
564 3376 930 3554 1. Coeck.
566 3459 3001 3635 1.. persiaens schrijver, die oock met eenen dient te wesen
1082 3597 2496 3768 Dramne ofte Inlants schrijver.
554 3636 1249 3858 1. Rooes drager
554 3779 1071 3946 1. Coortsier
551 3902 1224 4072 21 huijs dienaers
483 3986 1452 4239 G: palankijn dragers.
