3090 4743
62 -5 299 175 178.
141 198 350 376 178.
701 466 2847 656 Tinne de klagsten der ingesetenen, en
620 636 2980 782 gemeente alhier wat te gemoet te komen, en het
624 729 2744 937 misnoegen der Engelse vrunden, aller wegen
2727 803 2814 914 —
629 863 2845 1035 oock na vermogen te mijden, is onvermindert de
630 1019 2903 1193 jongste scherpe generale ordre der Heeren meesters
626 1120 3018 1317 en onse vorige resolutie vanden 23:e deser op gesondendes
24 1136 601 1308 Tenen en ule
2777 1246 2909 1353 5
26 1291 616 1403 Klagten en misnoegen
626 1240 2890 1433 goede redenen, en jnsighten nader geresolveert, den
45 1360 623 1468 der Engelsz, den aenbrengt
619 1351 2867 1549 aenbrengh der Engelse bieren mommen en wijnen
11 1414 626 1521 Aunnex wijnen, en bieren
20 1488 550 1584 Van Bantan Nogh
606 1499 2873 1651 an Bantam, alhier voor dese mael, nogh niet te
38 1556 350 1643 toetelaaten
625 1599 2843 1786 verbieden, maer toe te staen, dewijle dogh de Comp:
489 1718 2787 1936 de drinckwaeren, na de mate der consumptie maer
2766 1774 2893 1910 _
603 1845 2919 2048 soberlijck selve uijtsendt, als hebbende dees dagen
591 1961 2823 2185 5: geconfisqueerde vaten Engelsbier bij publique
615 2091 2990 2302 venditie door den anderen, 108: rijcxdaelders ’t stuck
604 2226 2883 2400 gevendeert, maer datmen Egster om hun de voor„
6 2313 593 2504 Brarons e Mee
613 2367 2847 2557 delen, daer op niet te doen aensoeten, maer te meer
26 2461 582 2564 tesoeten den Thol daer
614 2487 2859 2619 te besnoeijen, den Chol der jnvoer van't Engelsbier zal ver„
30 2523 437 2653 van Verhooght
2525 2597 2572 2656 6
605 2592 2915 2742 hogen tot op 60: en de Engelse mom, op 30: rijxd: het vats
601 2695 2896 2836 mitsgaders de wijnen naer advenant, ende dat dan oock de
592 2801 2964 2960 geene die bevonden werden, sodanige drancken te sluijcken
599 2890 3035 3080 Arbitralijcken, daer over sullen werden gestraft, blijvende
24 2947 580 3101 en Alle andre Coopmensz
590 3066 2891 3196 voorts niet temin, den aenbrengs aller andere Engelse Coop„
6 3064 549 3208 Egter Verboden gelaten
591 3129 3103 3337 manschappen, en goederen van eenigh belangs t'eeemael verboden /
491 3287 2825 3506 Batavia in't Casteel datum als Voren
2255 3546 2918 3801 Van goens
2851 3775 2936 3896 t
2143 3531 2847 3966 e
2075 4037 2979 4236 W: van D fhourg
2240 4189 2990 4413 Jan Jamblelin
