3057 4668
551 300 2900 592 den Directeur Generael Rijckloff van Goens in Lan T:
580 466 2857 682 plaetse as generael sal succediren, Soo hoef zijn
59 651 552 780 A:r Girecteur gen:t
608 656 2885 843 Ed:s de Hdeene Rijckloff van Goeteigh daer toe ten dienste
24 739 590 842 Rijckloff van goens
15 812 474 924 Detuif Volges
606 761 2866 923 van d’ E: Comp:s verpligh: en berejddwilligs get hoont
33 866 604 972 aen theiven dersteren
586 892 2717 1098 met vsoeck aende presente Heeren Raaden van
30 940 575 1059 MHers tGouverneu
47 1004 567 1114 van aenstod
529 1008 2899 1206 India om zijn Ed:e indie lastige bedieninge behulpsten
49 1083 540 1236 beeijdwilligh aen
595 1138 2853 1316 de zijn, gelijck haer E: E: dan oock daer op belofte
582 1257 2883 1443 gedaen hebben van sulcks gaenne te sullen nakomen
602 1378 2837 1549 en elck voor ’t zijne te betaagsten, den waeren en
593 1513 2860 1758 opreghten dienst van d’ E: Comp:s en hebben. daer op
621 1645 2881 1850 wijders zijn Ed:s met de aenvaerdingh van. —
54 1689 584 1868 En Wat daer ede
32 1843 586 1949 Van de Heeren Haaden
614 1789 2430 2015 deselve aensienlijcke bedeningh veel geluck
56 1905 610 2063 veel geluk Gewenscht
616 1938 2955 2125 Eende de Zegen des Heeren gewenscht, alle het welcke
627 2051 2990 2237 de Hr. Pieter van Boorn, (:vermits sieckte de vergadering
621 2160 2827 2323 niet hebbende konnen by woen:) door den secretaris
642 2302 2903 2507 Joan: Compeuijs, voor gelelen zijnde soo heeft zyn
652 2417 2617 2639 E: sigh daer mede in allen deele geconformeert
648 2557 2905 2807 En is oock iet eenen goedgevonden hetlijck van
78 2694 617 2850 Tlonk van d Ae ge
649 2727 2900 2934 gem:te zjn Ed: aenstaende vrijdags voor de middags
115 2803 633 2909 P: den Hdeler
80 2869 613 2973 met stntie te door
661 2809 3068 3019 zijnde den 7e: deser ter aen de te bestellen, en met sodanigen
79 2941 383 3074 begraven
630 2963 2835 3148 statie te begraven als zijne veel jarige goede en
658 3077 2920 3279 getrouwe diensten, hebben verdient, ende als omtrent
641 3218 2219 3430 zijn overleden voorsaten sij geschiet.
689 3384 2667 3611 Batavia Jnt Castvel datum ats voren
2221 3554 2849 3762 Jan aoe
2091 3735 2835 3950 Palmert Pit
2011 3892 2969 4120 p. A dertwater
2198 4036 2943 4258 Steni Hedin
1286 4376 1986 4601 Jan Jan herin
2373 4483 2708 4622 Avenb
2935 1262 3009 1396 1
