3090 4627
23 -4 209 137 176
126 143 316 354 116.
617 317 2927 561 aftewijsen, dogh dat sij zal vermogen zyn openstaende saecken, in voorsz Dengale, met
6 378 624 566 Eersal hij bijs voortaen
625 497 2966 643 een van Comp:s schepen, te gaen vereffenen, endan sigh wijders, voortaen als een borger,
15 529 624 630 niet buijten Comp: jurisdictie
21 587 398 723 mogen begeven
627 584 3002 732 t zij hier op Ceijlon, off Elders, onder Comp:s gebiedt te erneren, mitssigs niet weder„
623 651 2748 794 om, de onderdanigheijt vande Comp: gelijck alle andere Nederlantse
2742 708 2873 824 —
606 738 2390 894 subjecten hier in India sal vermogen te ontrecken.
471 883 2828 1111 den Anachoda van't Cantouse Conincks sonck
604 1055 2947 1222 sia sttia, bij request versoeck doende, om Hols vrijheijt.
610 1208 2898 1390 van zijn jongst aengebragste, en nu weder om wege
600 1312 2851 1491 voerende Coopmanschappen te mogen genieten Soo
595 1431 2665 1603 is daer op geconsidereert, dat wij nogh noijt eenige
592 1541 2865 1695 Hollen in hina, zijn subject geweest, en met de
1040 1643 1490 1739 1 voorgendne
1502 1645 1899 1731 „ nadatuijch
604 1649 2847 1815 jegenwoordige, besendingen, sulcx apparent, jnder tijt de
605 1798 2880 1934 Comp:s wel ruijm weder konde te goede komen, en
18 1778 575 1943 ’t Cantense Coning onk
3 1909 588 1985 den thol van in en uijtvoed
589 1901 2658 2068 derhalven, denselven Anachoda voor dese mael
1 1978 502 2079 Guijtgescholden On
-4 2045 297 2148 1 Retenen
585 2018 2963 2198 den hoe van zijn aengebraght, en vervoerend Cargaloen
596 2152 2825 2336 geremitteert, en qujtgescholden, gelijck sulx den
588 2255 2810 2467 2:e Julij A:o 1676. aen een vorige Cantonse Coninx
606 2403 2867 2545 Joncke mede zij geschiet; En hoedanige goede redenen
579 2504 2680 2689 en jnsighten als doenmaels staen genoteert men
582 2644 2962 2782 nu mede tot dese beleeftheijt, en discretie oock vermeijnt
568 2736 1010 2884 te hebben.
740 2965 2626 3147 soo is mede goetgevonden, gemelten Cantonsen
579 3078 2606 3243 Anachoda. twintigh Picols nagelen te verkopen
18 3139 559 3303 aenden selven Oock
582 3210 2712 3388 tot eensondert en vijfftigh rijcxdaelders het picoe, om
-7 3254 544 3355 20. p=s nagelen Verkogt
1 3329 505 3469 tot 150. Mp: 't ficol
574 3327 2760 3506 datmen jegenwoordigh alhier van die specerijen ruijm
565 3447 2551 3588 voorsien, en deselve jn China, als buijten de
567 3553 2918 3725 europische Werelt geagst werden te zijn. behalven
472 3673 2652 3818 dat bock die kleene quantiteijt de Comp:. in haer
570 3802 2767 3954 negotie, en vertier tot Hocksieuw, met schadelijck
566 3901 1034 4041 wesen kan,
634 4031 2894 4245 de heer Ghouverneur generael, maeckt de vergadering
2642 4219 2957 4342 bekents
2918 3974 2984 4087 op
