3159 4598
2824 21 3039 206 293.
2738 210 3044 395 293
249 525 2479 776 ndenelbeanoijcren dormans
221 738 1655 896 backeris monteuijvinden
2202 771 2277 885 d
208 903 2336 1093 ten teeden: baloock hande kenngh dient oide ogrd
208 1041 3022 1190 de er voldens den hender het seurate avonsen niemandt en vugenandae
2441 1173 3020 1279 Iufficante Coopluijden
2433 1243 3058 1352 souden wesen tot Vrkoop
206 1193 2450 1346 vermogens soude wesen hed groe en Comp:s toophande
2453 1314 3073 1411 Van ’s Comp:s Coopmansz:
2448 1379 2990 1479 als den Mackelaer
232 1341 2369 1511 daerbijt aldass te hoopen, van aleen den maekelaer
2462 1452 2811 1583 Kissendas
201 1500 2392 1661 rissehwas, als waar aen wijmee laden noge aevijwat
217 1625 2443 1819 blijven twijsteln; en: baederhalven genoeemde commissatis
226 1784 2214 1962 omoens de seghde kennisse van dat secreep tekrijgen
219 1963 2427 2108 werden geaucthonseer, naeft uijtschrijve vanden —
2388 2021 3076 2207 den Verkoop tijt daed na en
214 2123 2331 2286 oerkoop der goederen, de Cooplieden met tijdhann zeijt
2392 2167 3048 2276 daer toe tottt Eijnde ans
2430 2248 2837 2401 aff te Waghten
218 2232 2343 2425 de mogen blijven afwaght, afoomen sigh bij na verseken
233 2377 2446 2586 dat het daer toe aen geen sifficante mannen sal gebrecken,
2424 2468 2940 2655 alsouwer oock een
225 2544 2402 2694 al somper oock een geherl saijsoen bonder ijers omte setden
2423 2607 3015 2740 geheel Taijsoen, sonder
2385 2676 3051 2800 Verkoop rugteloos mede
304 2674 2336 2851 komen door te loopen, tgijne Eenwel bij eenige vroese
2407 2758 2709 2862 Dotoope
2390 2786 3067 2933 Maer bij dreeh vun guaden
236 2828 2412 2948 van bodanigen onverhoopten uijtval, die Jaer nogh soude
2408 2904 3009 3002 uijtblagh, dit Iaer daer
2390 2979 2963 3069 mede nogh lieverte
222 2907 2395 3086 konnen wwerden getemporiseert, en den onden voet gevolged
2425 3032 2808 3166 Cemponseren
215 3058 2313 3224 tot dat de ompag=s nae onse Insentie van de swaate
217 3191 2461 3418 ontrese ponningen aldaer alvorens eens wederdm sij ontlaste
217 3342 3084 3540 En aelsoo gemelde maeklaer kissen dat porntive heeft den manaa liserdas
2416 3494 3090 3597 bij nader Aeraties Verloch
2401 3567 3050 3667 Van Comp. dufte
213 3523 2382 3716 versogt van Comp. dienst te mogen werden ontslagen,
2436 3635 2705 3720 Ontslaen
196 3638 2397 3794 soo is vergaderinge van verstandt hem sulcx bij nader
214 3801 2387 3988 Instantie (ten zij ombijsondere sedenen ter Contrarie)
215 3958 2400 4141 niet en behoorde te werden geweijgert, maer geaccordeert;
2216 4131 2357 4247 R
