3060 4633
11 25 253 173 200.
2845 150 2954 266 5„
41 184 410 361 200..
21 447 2894 617 de schepen s: sasteijn Heer hundt als de gesegede krijgsmaght, en verderen
-7 562 576 672 Sampzon Voorhoud
594 578 2958 751 treijn, en ommeslagh, naer gemelte oostcust van sava
31 619 663 745 Marken Vriese Saar
13 709 618 801 en Javaent bed tot
597 702 2887 860 voor aff geprojecteert de schepen, Zilversteijn Samsou
4 780 628 880 Overdoer van den treijn
11 853 546 964 na Java aengeleijt
595 785 2852 931 voorhout, Wlarcken; 't vliegende swaentie, en de
610 915 1447 1092 Javaense Dode
2771 1080 2911 1210 1 po.
727 1186 2755 1371 oo zijn oock voor de tweede besendinge deses P: s
11 1237 562 1422 Item de scheepen
603 1309 2860 1497 na de Cust Cormandel aengeleijt, de schepen, schouwen
27 1391 576 1494 schouwen Japan en
-4 1453 532 1554 Siartsluijs naer
628 1432 2701 1610 Japan en Swartsluijs, welcke laeste bodem met hiet
5 1528 465 1647 Cormandel
608 1540 2703 1687 meerendeel der specerije eijsch als anders direct
597 1648 2714 1844 Masucipatnam zal aenlopen, omme den overigen
601 1762 2791 1916 rijs van Dimelepatnam, aftehaelen, ende alsoo
613 1903 2380 2059 dan voorts weder herwaerts te keeren.
659 2038 2891 2224 us gelijcx is vastgestelt, boven 't reets genomineerde schip
-1 2062 602 2249 de fhuijten een
23 2204 592 2317 Wemmenunm, ooster„
594 2201 645 2331 17
652 2228 3009 2369 goetbegin, tot overhael der retouren, en reets jngekoghte
3 2276 590 2385 „ blocker, Swannbuag
21 2297 3008 2424 en berkinees voor rijs &:a naer bengale afte zenden, de fluijten, de Deemster
23 2423 606 2543 bengale geprojesteert
619 2400 3007 2614 immenum, Ooster blocker, Swanenburgh, en Perckineers
540 2637 3007 2829 Dehalven de schepen. Africa, America, en Hendricktlaurits
563 2812 2710 2974 bij onse resolutie van 23: passado. reets geseght voor
2685 2841 2939 2972 _ 1
512 2908 2943 3091 d' eerste besendinge deses Iaers, na ’t vaderlandt te.
576 3023 2804 3171 doen gereetmaecken, is goetgevonden daer toe nogh
10 3008 575 3187 de schepen maca, ar
31 3144 529 3247 Silversteijn, n
577 3166 2894 3325 te profecteren, de schepen Wlacasser silversteijn, ende
-4 3214 587 3329 Andries nogh Voort
22 3290 557 3426 Vaderlant aengeleij
540 3243 2949 3424 t gehuirde saght s:t Andries, dat zedert zijn arrivem:
579 3391 2766 3564 alhier op 15:' maij, met nodige vertimmerings besigh-
4 3360 600 3568 de Vrtimuertijt de
14 3505 490 3610 van de Gehuurd
590 3478 2917 3687 geweest, ende alsoo op heden eerst, weder zeijlvaerdigh
7 3565 586 3680 Andries tot Aede„
4 3630 532 3744 Rheedens te deese
580 3620 2845 3799 geraeckt zij, en welckers legs tijt derhalven gemeent
95 3709 344 3825 omer
594 3762 2928 3910 wert, maer van nu aff tot den dagh des vertrecks
581 3905 2721 4039 toe ten laste vande Comp:e zal moeten lopen &:o
561 4085 2886 4286 En alsoo den schipper van gemelte gehuirde s:t Andries
2594 4249 2814 4415 gen:t
