2980 4610
12 42 215 193 148
77 198 298 389 148
26 1502 608 1662 drie kooplieden behalven
5 1604 590 1737 den E Jerage1. 8 E:
38 1691 602 1784 Casar (ter adsistentie
27 1770 606 1880 naer China toegevoegt
35 2416 564 2617 An g ouder hooge
44 2563 560 2692 en eenige adfie tente„
18 3400 601 3567 Alle den vordeen Ven
13 3543 629 3630 Barnsteen, en bloetera
18 3603 599 3700 naer Chinats Seden,
25 3662 590 3787 om die Guijt te worden
1486 -3 1568 174 1
2689 92 2785 227 „
2110 109 2184 200 op
604 406 2990 637 omme den C: Martinus Casar in zijne commissu:
610 589 2918 723 naar China wat te meer aensien te gepen, en het
605 661 2869 799 werck vande Comp: in Hoeksieuw, met fatsoen
604 790 2792 951 en reputatie te volbrengen, is goetgevonden zijn
616 910 2835 1094 E: sodanige bequame suppoosten bij te voegen als —
592 997 2014 1207 hier onder staen genomineert.
605 1183 2237 1400 den Coopman Jacob vander plancken.
2569 1297 2725 1436 5. t
574 1341 1924 1524 den Coopman Louis de keijser,
614 1480 2003 1657 den Coopman Joan: Leeuwensou,
610 1612 2946 1772 die als raaden: sullen werden geemploijeert, dogh zal
610 1749 2762 1898 den Coopman Jacob Martensz Schagen (:althans
606 1856 2839 2038 opperhooft aldaer) naest den E: Casar zijn rangh
592 2002 2653 2123 hebben, en behouden. ten zijnder onder eenige
603 2104 2940 2227 prequante redenen ter contrarie mogten voorkomen.
611 2216 2766 2326 de voorts om bij de negotie als andere voorvallende
598 2311 2829 2464 diensten te werden gebruijckt, de onder cooplieden
574 2434 2653 2585 Dernard Droeders, Cornelis Spanbroeck
599 2534 2899 2726 Iuriaen andries Wlunnick, en adriaen de an, bezijden
605 2662 2889 2845 nogh twee adsistenten, alle van goede getuijghnisse.
586 2778 2882 2911 daer van men dan oock hoopt de Comp:e de gewenste
611 2911 2571 3062 vigelante dienst zal komen te trecken.
643 3063 2928 3259 ijders is op ’t voordragen vande H:r Directeur gener:t
589 3218 2798 3384 Cornelis speelman, verstaen, alle den Barusteen,
596 3323 2940 3500 present hier bij de packhuijsen berustende, benevens
617 3441 2878 3602 oock de barnsteene, en andere raritejten mitsgaders
622 3565 2921 3697 de bloet corael; waer van eenige soorten al veele
602 3685 2908 3866 Jaeren. de packhuijsen hebben bewaert, en sommige
605 3804 2881 3950 soock vrij wat beschadight zijn, mede naer China
603 3912 2784 4079 te zenden, om 't een en 't ander alsoo te samen ten
2542 4025 2817 4204 beten
