3123 4607
2806 141 2988 337 97
229 413 2538 616 verslauwen eenparigh geresolveert dE: H:r ordinarij.
2458 487 3089 648 d H: Hurdt uijt ambrin
238 570 2308 715 raadt van India Anthonij Hundt die met de
2459 606 3062 710 verwagt werdende doo
2450 672 2968 766 1: a 2 maenden tot
229 686 2455 811 eerste besendinge uijt Anboina, wert verwagst, en
2471 751 3066 839 Contimuatie op Iaar
2512 791 2922 922 te vasoeken
242 764 2508 934 vastelykk gemeent dat Japare zal aenlopen, aente
237 895 2520 1032 schrijven en te versoecken, dat hij voor een maent
237 1011 2458 1160 off twee op gemelte. Japare wil continueren, omme
246 1117 2302 1265 de saecken aldaer bij provisie en tot onse nadeij
243 1225 2981 1389 ordre te bestieren.. en waer te nemen, latende de e mede tebrenge
2463 1316 3052 1441 amboindsen daeroock
254 1380 2401 1545 Amboinelen die zijn Z: uijt Ambona, volgens onse
2466 1417 2761 1518 te houden
233 1462 2459 1652 recommandatie moght hebben mede gebraght daer
242 1583 1483 1740 mede soo lange verblijven.
389 1718 2532 1883 Ende waer bezijden op ’t voordragen van d’Eh„r
244 1871 2445 1984 Cornelis speelman oock nogh goetgevonden zyn
251 1967 2380 2119 van hier met eerste gelegentheijt tot secours en
246 2086 2413 2211 op weckinge van den Souloussounangs na Iapare
2438 2116 3058 2268 50 ederhand=z.  100.
234 2210 2414 2339 afte schicken, vijfftigh nederlantse, en hondert soo
2437 2214 3084 2326 Gulde 1e soldaten Voor
2485 2266 3060 2390 aff hot Seroias Van stiuet
2481 2356 2538 2396 „
193 2325 2488 2427 Mardijckers balyers als andere Inlandse zoldaten
2476 2356 2974 2487 na Japara te senden
238 2402 2520 2523 omme dat groote werck. soo haest mogelijck tot een
226 2522 2109 2685 goet eijnde en gewenschte ruste te brengen,
172 2763 2440 2943 Batavia in't Casteel datum als voren
1940 3032 2554 3222 Van goens
2259 3290 2645 3439 Jhan
1767 3590 2804 3840 N: van Iutpoor
2706 3766 2803 3869 2
2072 3824 2799 4025 Joaniamphuijs
2121 4107 2219 4245 h
