3099 4579
2904 49 3118 215 187
2825 178 3057 426 187
249 463 2329 663 Crain Dissce, tot transport na herwaerts te
23 555 2357 796 dienen, als welcke twee bittere vijanden niet
263 708 2409 930 bijden anderen mogen werden vertrout, ende zal
273 821 2378 1039 oock aen do E: president Cops, en raadt werden
170 975 2487 1136 gerecommandeert naer uijtterste vermogen, (dogh
264 1038 2488 1220 eghter sonder, eenige feijteljckheijt ofte gewelt) te
258 1151 2453 1361 betraghten, dat den losen, en schadelijcken Crain
2482 1155 3027 1359 bris komen des
2497 1298 3114 1418 oick inder minn
262 1298 2453 1471 Crouron, jn Comp:s van zijn Hoogh:t Palacca, mede
2475 1368 3115 1505 medte doen herwart
2481 1451 2735 1575 Comen
258 1421 2400 1582 herwaerts kome, als waer door voor des Comp:s
258 1563 2379 1731 ende den gemeijnen welstandt, en ruste op ’t Landt
2356 1606 2454 1709 —
252 1673 2491 1844 van Macassaer; vrij veel soude werden uijtgewonnen
214 1770 3114 1970 met jntentie dat palaccas, mede te brengen Bougis Radia Palacas bijhebbg
2457 1928 3111 2045 Bougijs tot 5. a 600 mar
138 1862 2452 2067 die men oordeelt, aen 5: a 600: der outste en bequaem
2471 2001 3117 2120 t ontbieden op Iapara
244 2005 2422 2220 ste te sullen genoegs zijn, tot Iapare off daer eedens
2469 2064 3113 2181 te doen aen lant saen
247 2113 2307 2336 bij onsen train, werden aenlandt gesett, maer zijn
2274 2242 2336 2305 —
2429 2183 3113 2424 marr hem in Le oon
246 2259 2492 2452 hoogheijt jn persoon, met alle minlijckheijt, en beleeftheijt
2485 2329 3049 2445 ier te laten Comen
231 2392 2536 2596 gepersuadeert, om navolgens sijn langs duirige jnclinatie
242 2530 2330 2699 alvorens op Iava, off elders aentelopen, sigh eerst jn
239 2597 2438 2827 persoon, hier voor ons te verthonen, omme dan met den
2415 2707 2507 2819 —
235 2723 2348 2919 selve over 't gemene beste, als den welstant van
169 2827 2405 3049 „ ’s Comp:s staet en't landt van Mlacasser, mondelingh
240 2943 2400 3174 nader en Ernstigh te confeveren, en ons goet
226 3092 2431 3283 voornemen daer omtrent, met der minne en vigeur
235 3177 944 3371 uijtte wercken.
55 3316 2274 3592 . u al eenige maelen gesproken wesende van de
47 3484 202 3625 Do
230 3508 2328 3701 „suratse directie als van waer d’E H:r Directeur
154 3601 2361 3826 Sijbrand Abbema. (die ons andersins jn zyn gedoente
219 3722 2248 3924 aldaer goetgenoegen is gevende) naer luijt der
223 3853 2427 4034 Expresse ordre vande Ed:e Heeren 17:e de dato 18:e
215 3927 2239 4145 october des. voorleden Jaers, sal moeten op komen
204 4052 2270 4273 gelijck zijn E: oock selve zijn, demissie by de
2086 4211 2362 4406 jongst
