<?xml version="1.0" encoding="UTF-8" standalone="yes"?>
<PcGts xmlns="http://schema.primaresearch.org/PAGE/gts/pagecontent/2013-07-15" xmlns:xsi="http://www.w3.org/2001/XMLSchema-instance" xsi:schemaLocation="http://schema.primaresearch.org/PAGE/gts/pagecontent/2013-07-15 http://schema.primaresearch.org/PAGE/gts/pagecontent/2013-07-15/pagecontent.xsd">
    <Metadata>
        <Creator>prov=University of Rostock/Institute of Mathematics/CITlab|PLANET AI GmbH/Gundram Leifert/gundram.leifert@planet-ai.de:name=Dutch Mountains (18th Century)(htr_id=21683)::::v=2.6.6
prov=University of Rostock/Institute of Mathematics/CITlab|PLANET AI GmbH/Tobias Gruening/tobias.gruening@planet-ai.de:name=de.uros.citlab.module.baseline2polygon.B2PSeamMultiOriented:v=2.6.6
prov=University of Rostock/Institute of Mathematics/CITlab|PLANET AI GmbH/Tobias Gruening/tobias.gruening@planet-ai.de:name=/net_tf/LA73_249_0mod360.pb:de.uros.citlab.segmentation.CITlab_LA_ML:v=2.6.6
Transkribus</Creator>
        <Created>2020-09-07T17:36:43.140+07:00</Created>
        <LastChange>2020-09-07T15:18:41.345+02:00</LastChange>
        <TranskribusMetadata docId="471980" pageId="19528055" pageNr="18" tsid="39436980" status="IN_PROGRESS" userId="15017" imgUrl="https://files.transkribus.eu/Get?id=SKLGHVZYADCISWNUVJGYFGVK&amp;fileType=view" xmlUrl="https://files.transkribus.eu/Get?id=VXWENLUUOBUIIXGNOSXYTTAU" imageId="15087892"/>
    </Metadata>
    <Page imageFilename="ID-ANRI_K66a_890_18.jpg" imageWidth="3062" imageHeight="4710">
        <ReadingOrder>
            <OrderedGroup id="ro_1620456078695" caption="Regions reading order">
                <RegionRefIndexed index="0" regionRef="r1"/>
                <RegionRefIndexed index="1" regionRef="r2"/>
                <RegionRefIndexed index="2" regionRef="r3"/>
            </OrderedGroup>
        </ReadingOrder>
        <TextRegion orientation="0.0" id="r1" custom="readingOrder {index:0;}">
            <Coords points="11,60 11,4671 2970,4671 2970,60"/>
            <TextLine id="r1l1" custom="readingOrder {index:0;}">
                <Coords points="28,153 46,152 56,141 63,145 81,127 117,133 127,126 141,133 152,122 170,121 168,25 146,26 121,15 107,19 100,12 72,16 61,27 50,20 25,21"/>
                <Baseline points="45,113 71,116 98,116 125,115 152,111"/>
                <TextEquiv>
                    <Unicode>18</Unicode>
                </TextEquiv>
            </TextLine>
            <TextLine id="r1l2" custom="readingOrder {index:1;}">
                <Coords points="676,543 811,594 939,552 1070,606 1245,537 1444,595 1509,549 1590,593 1676,561 1677,376 1535,432 1300,412 1196,451 1079,382 929,445 677,425"/>
                <Baseline points="693,525 741,526 789,527 837,528 886,530 934,530 982,531 1031,531 1079,531 1127,533 1176,533 1224,533 1272,533 1320,533 1369,533 1417,533 1465,533 1514,533 1562,533 1610,534 1659,534"/>
                <TextEquiv>
                    <Unicode>maelen Iaere gedaghten</Unicode>
                </TextEquiv>
            </TextLine>
            <TextLine id="r1l3" custom="readingOrder {index:2;}">
                <Coords points="1681,576 1866,541 2382,587 2446,541 2631,577 2856,554 2856,472 2717,457 2649,499 2401,391 2009,460 1682,383"/>
                <Baseline points="1698,527 1755,530 1812,531 1869,533 1926,534 1983,536 2040,536 2097,537 2154,537 2211,537 2268,537 2325,537 2382,537 2439,537 2496,537 2553,537 2610,537 2667,537 2724,537 2781,537 2838,537"/>
                <TextEquiv>
                    <Unicode>hebbende laten aen op de soo-</Unicode>
                </TextEquiv>
            </TextLine>
            <TextLine id="r1l4" custom="readingOrder {index:3;}">
                <Coords points="15,630 574,641 638,619 637,476 548,491 487,463 416,481 366,460 185,533 14,537"/>
                <Baseline points="32,618 61,620 90,621 120,621 149,622 179,623 208,621 237,621 267,621 296,620 326,620 355,618 384,618 414,617 443,617 473,617 502,617 531,617 561,618 590,620 620,621"/>
                <TextEquiv>
                    <Unicode>Tot indeinigt der</Unicode>
                </TextEquiv>
            </TextLine>
            <TextLine id="r1l5" custom="readingOrder {index:4;}">
                <Coords points="675,671 2223,660 2437,718 2804,673 2804,587 675,596"/>
                <Baseline points="692,650 796,650 901,651 1006,651 1111,653 1215,653 1320,654 1425,654 1530,656 1634,656 1739,656 1844,657 1949,657 2053,657 2158,657 2263,657 2368,656 2472,656 2577,654 2682,654 2787,653"/>
                <TextEquiv>
                    <Unicode>seer nodige verminderingh vande druckende lasten, dies</Unicode>
                </TextEquiv>
            </TextLine>
            <TextLine id="r1l6" custom="readingOrder {index:5;}">
                <Coords points="81,736 142,745 173,712 237,693 259,714 323,703 359,730 412,722 451,686 537,716 535,624 464,614 436,640 368,620 325,642 79,636"/>
                <Baseline points="98,681 124,680 150,679 176,678 203,678 229,678 255,678 281,678 308,678 334,677 360,677 386,677 413,675 439,675 465,674 491,672 518,669"/>
                <TextEquiv>
                    <Unicode>waare lasten</Unicode>
                </TextEquiv>
            </TextLine>
            <TextLine id="r1l7" custom="readingOrder {index:6;}">
                <Coords points="672,811 2794,801 2795,690 673,698"/>
                <Baseline points="689,771 793,768 897,767 1001,765 1106,764 1210,764 1314,764 1419,764 1523,764 1627,765 1732,767 1836,767 1940,768 2044,770 2149,771 2253,773 2357,773 2462,774 2566,774 2670,774 2775,774"/>
                <TextEquiv>
                    <Unicode>dE: Comp:e alomme te dragen eeft, en wel voor„</Unicode>
                </TextEquiv>
            </TextLine>
            <TextLine id="r1l8" custom="readingOrder {index:7;}">
                <Coords points="673,897 2841,939 2841,825 2314,764 2086,850 1414,765 673,829"/>
                <Baseline points="692,884 798,884 905,882 1011,882 1118,882 1224,882 1331,882 1437,882 1544,882 1650,882 1757,882 1863,882 1970,882 2076,882 2183,882 2289,882 2396,882 2502,882 2609,882 2715,882 2822,882"/>
                <TextEquiv>
                    <Unicode>namentlyck alhier op eBatavia, alwaer desleven</Unicode>
                </TextEquiv>
            </TextLine>
            <TextLine id="r1l9" custom="readingOrder {index:8;}">
                <Coords points="691,1044 2763,1053 2834,939 1349,945 1168,878 691,941"/>
                <Baseline points="710,999 815,1001 920,1002 1026,1002 1131,1002 1236,1002 1342,1002 1447,1002 1552,1002 1658,1001 1763,1001 1868,999 1974,999 2079,998 2184,998 2290,996 2395,996 2500,995 2606,995 2711,995 2817,995"/>
                <TextEquiv>
                    <Unicode>of lijffengenen ^ die ten getale dan ongevaer 500:</Unicode>
                </TextEquiv>
            </TextLine>
            <TextLine id="r1l10" custom="readingOrder {index:9;}">
                <Coords points="686,1149 2840,1151 2839,1052 2579,1013 2430,1070 1974,1071 1910,1007 1690,1075 1458,1008 686,1042"/>
                <Baseline points="702,1116 807,1118 913,1118 1019,1118 1125,1118 1231,1119 1337,1119 1443,1118 1549,1118 1655,1118 1761,1118 1866,1118 1972,1116 2078,1116 2184,1116 2290,1116 2396,1115 2502,1115 2608,1115 2714,1115 2820,1113"/>
                <TextEquiv>
                    <Unicode>stucks tot verscheijden diensten werden ingehuirt</Unicode>
                </TextEquiv>
            </TextLine>
            <TextLine id="r1l11" custom="readingOrder {index:10;}">
                <Coords points="685,1290 2839,1274 2867,1146 685,1151"/>
                <Baseline points="701,1239 808,1241 915,1242 1023,1242 1130,1242 1238,1242 1345,1242 1452,1241 1560,1239 1667,1238 1775,1236 1882,1236 1989,1235 2097,1233 2204,1233 2312,1233 2419,1233 2526,1235 2634,1236 2741,1238 2849,1241"/>
                <TextEquiv>
                    <Unicode>Jaerlijcks komen te belopen een pomma van 24000:</Unicode>
                </TextEquiv>
            </TextLine>
            <TextLine id="r1l12" custom="readingOrder {index:11;}">
                <Coords points="688,1424 2809,1402 2926,1298 686,1289"/>
                <Baseline points="705,1358 815,1364 925,1367 1035,1370 1146,1370 1256,1370 1366,1370 1476,1368 1587,1367 1697,1364 1807,1361 1917,1358 2028,1356 2138,1353 2248,1352 2358,1350 2469,1349 2579,1349 2689,1350 2799,1353 2910,1356"/>
                <TextEquiv>
                    <Unicode>rijcpdie ofte ƒ 72000: soo is na deliberatie denparigslijck</Unicode>
                </TextEquiv>
            </TextLine>
            <TextLine id="r1l13" custom="readingOrder {index:12;}">
                <Coords points="692,1524 2864,1483 2863,1394 2442,1356 2226,1429 2108,1374 691,1420"/>
                <Baseline points="708,1487 814,1487 921,1488 1028,1488 1135,1488 1242,1487 1348,1485 1455,1484 1562,1481 1669,1479 1776,1478 1882,1475 1989,1473 2096,1472 2203,1470 2310,1470 2416,1470 2523,1470 2630,1472 2737,1473 2844,1476"/>
                <TextEquiv>
                    <Unicode>goefgevonden, ende verstaen, soo hoeft als het doenlijck</Unicode>
                </TextEquiv>
            </TextLine>
            <TextLine id="r1l14" custom="readingOrder {index:13;}">
                <Coords points="15,1546 135,1502 182,1532 266,1496 396,1520 465,1481 676,1494 674,1434 608,1404 538,1425 483,1388 345,1415 257,1340 189,1353 75,1426 10,1414"/>
                <Baseline points="32,1500 63,1499 94,1498 126,1496 157,1496 188,1494 220,1493 251,1492 282,1491 314,1490 345,1488 376,1488 408,1487 439,1485 470,1484 502,1482 533,1481 564,1479 596,1478 627,1476 659,1473"/>
                <TextEquiv>
                    <Unicode>S geg ordende</Unicode>
                </TextEquiv>
            </TextLine>
            <TextLine id="r1l15" custom="readingOrder {index:14;}">
                <Coords points="74,1572 202,1563 227,1580 259,1561 504,1545 573,1581 658,1578 655,1489 559,1500 519,1480 467,1511 427,1494 393,1521 217,1499 183,1529 135,1502 72,1526"/>
                <Baseline points="92,1559 119,1559 146,1559 173,1559 201,1559 228,1557 255,1557 283,1555 310,1553 337,1553 365,1551 392,1550 419,1549 446,1547 474,1545 501,1545 528,1544 556,1544 583,1543 610,1542 638,1544"/>
                <TextEquiv>
                    <Unicode>stuurslaven soo deelen</Unicode>
                </TextEquiv>
            </TextLine>
            <TextLine id="r1l16" custom="readingOrder {index:15;}">
                <Coords points="688,1632 2917,1658 2916,1473 688,1532"/>
                <Baseline points="707,1596 816,1601 926,1604 1035,1607 1145,1608 1254,1609 1364,1610 1473,1608 1583,1608 1692,1607 1802,1605 1912,1604 2021,1602 2131,1601 2240,1599 2350,1599 2459,1599 2569,1599 2678,1601 2788,1602 2898,1605"/>
                <TextEquiv>
                    <Unicode>zij Comp:s eijgen slaven daer toe te gebruijcken, sodanige</Unicode>
                </TextEquiv>
            </TextLine>
            <TextLine id="r1l17" custom="readingOrder {index:16;}">
                <Coords points="58,1690 154,1679 183,1650 236,1671 275,1635 311,1666 500,1675 656,1627 655,1573 601,1549 538,1568 370,1552 342,1577 306,1559 232,1578 57,1569"/>
                <Baseline points="75,1611 103,1613 131,1613 159,1614 187,1614 215,1614 243,1614 271,1614 299,1614 327,1613 355,1613 383,1613 411,1611 439,1611 467,1611 495,1610 523,1610 551,1608 579,1608 607,1608 636,1608"/>
                <TextEquiv>
                    <Unicode>mogelijk af teschaffen</Unicode>
                </TextEquiv>
            </TextLine>
            <TextLine id="r1l18" custom="readingOrder {index:17;}">
                <Coords points="697,1757 1505,1790 2010,1715 2256,1806 2793,1734 2793,1638 696,1632"/>
                <Baseline points="713,1716 816,1722 919,1727 1022,1730 1125,1733 1228,1734 1331,1734 1434,1734 1537,1733 1640,1733 1744,1730 1847,1728 1950,1727 2053,1724 2156,1722 2259,1719 2362,1718 2465,1716 2568,1716 2671,1715 2775,1716"/>
                <TextEquiv>
                    <Unicode>huirlingen metten tijt geheel afshaffende, ende</Unicode>
                </TextEquiv>
            </TextLine>
            <TextLine id="r1l19" custom="readingOrder {index:18;}">
                <Coords points="-9,1873 2875,1832 2875,1747 2010,1714 -8,1759"/>
                <Baseline points="11,1835 153,1833 295,1833 438,1833 580,1833 722,1835 865,1836 1007,1837 1149,1838 1292,1839 1434,1841 1576,1842 1719,1842 1861,1844 2003,1842 2146,1842 2288,1840 2430,1838 2573,1833 2715,1829 2858,1823"/>
                <TextEquiv>
                    <Unicode>n voor eerst die van donderleggen voor eerst alle degene die hier ter reede op de</Unicode>
                </TextEquiv>
            </TextLine>
            <TextLine id="r1l20" custom="readingOrder {index:19;}">
                <Coords points="22,1926 75,1939 107,1924 140,1955 215,1946 236,1956 264,1934 303,1933 301,1840 254,1838 216,1868 176,1847 148,1859 130,1848 91,1849 77,1864 48,1854 20,1862"/>
                <Baseline points="39,1896 66,1898 93,1899 121,1899 148,1899 175,1899 203,1897 230,1895 257,1893 285,1890"/>
                <TextEquiv>
                    <Unicode>en omust</Unicode>
                </TextEquiv>
            </TextLine>
            <TextLine id="r1l21" custom="readingOrder {index:20;}">
                <Coords points="667,1990 2554,1953 2918,2022 2917,1872 2834,1827 2689,1899 2226,1830 2030,1913 667,1865"/>
                <Baseline points="686,1953 796,1955 907,1956 1018,1958 1128,1958 1239,1959 1350,1959 1460,1958 1571,1958 1682,1958 1793,1956 1903,1955 2014,1955 2125,1953 2235,1952 2346,1950 2457,1949 2567,1947 2678,1946 2789,1944 2900,1943"/>
                <TextEquiv>
                    <Unicode>onderleggen werden gebruijckt, gelijck mede op het</Unicode>
                </TextEquiv>
            </TextLine>
            <TextLine id="r1l22" custom="readingOrder {index:21;}">
                <Coords points="678,2112 2461,2076 2576,2150 2850,2078 2849,2010 2557,1955 1764,2025 1678,1965 1411,2027 678,1991"/>
                <Baseline points="696,2075 802,2077 909,2078 1016,2079 1123,2079 1230,2079 1336,2078 1443,2077 1550,2076 1657,2075 1764,2073 1870,2072 1977,2070 2084,2070 2191,2069 2298,2069 2404,2069 2511,2070 2618,2072 2725,2075 2832,2078"/>
                <TextEquiv>
                    <Unicode>Eylandt ninst soo veel als wij eijgen slaven der„</Unicode>
                </TextEquiv>
            </TextLine>
            <TextLine id="r1l23" custom="readingOrder {index:22;}">
                <Coords points="692,2211 2461,2195 2778,2260 2917,2210 2917,2096 2575,2149 2308,2078 2027,2156 1821,2081 692,2108"/>
                <Baseline points="711,2201 820,2201 929,2199 1039,2199 1148,2199 1257,2199 1367,2199 1476,2199 1585,2201 1695,2201 1804,2201 1913,2201 2023,2201 2132,2202 2241,2202 2351,2202 2460,2202 2569,2201 2679,2201 2788,2201 2898,2199"/>
                <TextEquiv>
                    <Unicode>waerts konnen bestellen, ende aengaende de vordere</Unicode>
                </TextEquiv>
            </TextLine>
            <TextLine id="r1l24" custom="readingOrder {index:23;}">
                <Coords points="697,2317 2758,2346 2758,2254 2555,2229 697,2214"/>
                <Baseline points="713,2307 814,2311 915,2315 1017,2318 1118,2319 1220,2322 1321,2322 1423,2324 1524,2324 1626,2324 1727,2324 1828,2322 1930,2322 2031,2321 2133,2319 2234,2318 2336,2316 2437,2315 2539,2313 2640,2312 2742,2310"/>
                <TextEquiv>
                    <Unicode>itingen die men nogh genootsaeckt zal zijn in</Unicode>
                </TextEquiv>
            </TextLine>
            <TextLine id="r1l25" custom="readingOrder {index:24;}">
                <Coords points="55,2445 104,2415 207,2413 247,2437 378,2408 425,2432 506,2398 546,2426 663,2426 702,2411 698,2240 588,2268 470,2235 431,2268 303,2257 257,2287 185,2242 51,2292"/>
                <Baseline points="72,2415 102,2413 133,2411 163,2409 194,2407 225,2406 255,2405 286,2403 316,2402 347,2401 378,2400 408,2399 439,2399 469,2399 500,2398 531,2397 561,2397 592,2399 622,2399 653,2399 684,2400"/>
                <TextEquiv>
                    <Unicode>alle silengende </Unicode>
                </TextEquiv>
            </TextLine>
            <TextLine id="r1l26" custom="readingOrder {index:25;}">
                <Coords points="707,2447 2921,2428 2867,2300 2633,2382 2358,2312 1825,2385 707,2318"/>
                <Baseline points="725,2427 833,2427 942,2429 1051,2429 1160,2429 1269,2429 1378,2429 1487,2429 1596,2429 1705,2429 1814,2429 1922,2427 2031,2427 2140,2426 2249,2426 2358,2424 2467,2424 2576,2423 2685,2421 2794,2421 2903,2420"/>
                <TextEquiv>
                    <Unicode>dienst te Houden tot 'er tijt dat wij huij neteijgen elaven</Unicode>
                </TextEquiv>
            </TextLine>
            <TextLine id="r1l27" custom="readingOrder {index:26;}">
                <Coords points="66,2477 205,2490 308,2471 400,2484 426,2509 525,2472 557,2490 703,2478 702,2410 603,2425 510,2398 442,2420 396,2402 275,2429 65,2413"/>
                <Baseline points="84,2471 114,2471 144,2471 174,2471 204,2469 234,2469 264,2469 294,2468 324,2468 354,2468 384,2467 414,2466 444,2466 474,2466 504,2466 534,2466 564,2465 594,2465 624,2466 654,2466 684,2466"/>
                <TextEquiv>
                    <Unicode>nogh not ge Heefd, sonder</Unicode>
                </TextEquiv>
            </TextLine>
            <TextLine id="r1l28" custom="readingOrder {index:27;}">
                <Coords points="11,2528 103,2567 139,2545 199,2570 249,2549 324,2567 409,2542 655,2549 655,2488 587,2474 452,2496 306,2474 171,2492 50,2464 11,2485"/>
                <Baseline points="29,2520 59,2525 89,2529 120,2532 150,2535 181,2537 211,2538 242,2538 272,2538 303,2538 333,2538 363,2537 394,2536 424,2535 455,2533 485,2532 516,2532 546,2531 577,2530 607,2529 638,2529"/>
                <TextEquiv>
                    <Unicode>Onderscheijt niet meer</Unicode>
                </TextEquiv>
            </TextLine>
            <TextLine id="r1l29" custom="readingOrder {index:28;}">
                <Coords points="687,2589 2798,2573 2908,2548 2908,2427 2556,2496 2427,2429 686,2457"/>
                <Baseline points="705,2547 814,2547 923,2546 1032,2546 1141,2544 1251,2544 1360,2543 1469,2541 1578,2540 1687,2540 1797,2538 1906,2538 2015,2538 2124,2537 2233,2537 2343,2537 2452,2537 2561,2538 2670,2540 2779,2541 2889,2543"/>
                <TextEquiv>
                    <Unicode>konnen verwiselen is valgestelt dat deselve voortaen</Unicode>
                </TextEquiv>
            </TextLine>
            <TextLine id="r1l30" custom="readingOrder {index:29;}">
                <Coords points="37,2648 144,2657 261,2627 333,2662 604,2672 702,2606 702,2556 417,2539 104,2562 36,2538"/>
                <Baseline points="56,2609 87,2609 118,2609 150,2609 181,2607 212,2607 244,2607 275,2607 306,2607 338,2606 369,2606 400,2606 432,2606 463,2604 494,2604 526,2603 557,2603 588,2601 620,2601 651,2600 683,2598"/>
                <TextEquiv>
                    <Unicode>te betalen als 6. stverdaags</Unicode>
                </TextEquiv>
            </TextLine>
            <TextLine id="r1l31" custom="readingOrder {index:30;}">
                <Coords points="702,2680 2225,2651 2493,2721 2895,2675 2894,2551 701,2587"/>
                <Baseline points="719,2663 826,2663 934,2663 1042,2663 1150,2663 1258,2661 1366,2660 1474,2659 1582,2658 1690,2657 1798,2655 1905,2654 2013,2652 2121,2651 2229,2651 2337,2651 2445,2651 2553,2651 2661,2652 2769,2654 2877,2655"/>
                <TextEquiv>
                    <Unicode>niet meer sullen winnen als p rijcked: ofte 6. stuijv:s</Unicode>
                </TextEquiv>
            </TextLine>
            <TextLine id="r1l32" custom="readingOrder {index:31;}">
                <Coords points="694,2795 1766,2836 2428,2761 2823,2830 2951,2790 2951,2669 808,2726 693,2667"/>
                <Baseline points="713,2778 824,2780 935,2780 1046,2780 1157,2780 1268,2778 1379,2777 1490,2775 1601,2772 1712,2771 1823,2768 1934,2767 2045,2766 2156,2765 2267,2765 2378,2765 2489,2767 2600,2769 2711,2772 2822,2777 2933,2784"/>
                <TextEquiv>
                    <Unicode>'s daegs sonder onder scheijdt te maecken tusscheno</Unicode>
                </TextEquiv>
            </TextLine>
            <TextLine id="r1l33" custom="readingOrder {index:32;}">
                <Coords points="691,2894 1424,2884 1531,2962 2588,2891 2916,2955 2916,2813 2431,2763 1413,2845 691,2795"/>
                <Baseline points="710,2891 819,2889 928,2888 1038,2888 1147,2886 1256,2886 1366,2886 1475,2885 1584,2885 1694,2886 1803,2886 1912,2886 2022,2886 2131,2886 2240,2886 2350,2888 2459,2888 2568,2888 2678,2888 2787,2888 2897,2888"/>
                <TextEquiv>
                    <Unicode>haer ende de callesaters mitsgaders andere ambagkt</Unicode>
                </TextEquiv>
            </TextLine>
            <TextLine id="r1l34" custom="readingOrder {index:33;}">
                <Coords points="693,2989 1048,3075 1138,3004 2886,3041 2929,2949 693,2928"/>
                <Baseline points="710,2997 820,2999 930,3000 1040,3000 1150,3000 1260,3000 1370,3000 1480,2999 1590,2999 1700,2999 1810,2998 1920,2997 2030,2997 2140,2999 2250,2999 2360,3000 2470,3001 2580,3003 2690,3005 2800,3008 2910,3012"/>
                <TextEquiv>
                    <Unicode>luijden ofte jnmen die onder sodanigen naem zijn door ge„</Unicode>
                </TextEquiv>
            </TextLine>
            <TextLine id="r1l35" custom="readingOrder {index:34;}">
                <Coords points="701,3138 2552,3113 2887,3176 2887,3041 2527,3003 701,3056"/>
                <Baseline points="719,3119 826,3120 933,3120 1041,3120 1148,3119 1256,3119 1363,3117 1471,3116 1578,3116 1686,3114 1793,3113 1900,3113 2008,3111 2115,3111 2223,3111 2330,3113 2438,3113 2545,3114 2653,3117 2760,3120 2868,3123"/>
                <TextEquiv>
                    <Unicode>gaen, en aende welcte tot nogh toe voor loon is betaelt</Unicode>
                </TextEquiv>
            </TextLine>
            <TextLine id="r1l36" custom="readingOrder {index:35;}">
                <Coords points="692,3273 817,3237 1191,3296 1771,3229 1942,3271 2073,3239 2073,3118 1867,3172 1603,3116 1304,3171 1240,3135 1176,3182 1001,3122 692,3152"/>
                <Baseline points="710,3225 777,3228 844,3231 911,3233 979,3233 1046,3234 1113,3234 1180,3233 1248,3233 1315,3231 1382,3231 1449,3230 1517,3228 1584,3228 1651,3227 1718,3227 1786,3227 1853,3227 1920,3227 1987,3228 2055,3231"/>
                <TextEquiv>
                    <Unicode>Jrijced: oft 12: stuijvers Je daegs.</Unicode>
                </TextEquiv>
            </TextLine>
            <TextLine id="r1l37" custom="readingOrder {index:36;}">
                <Coords points="788,3471 1165,3512 1386,3382 1660,3486 2835,3481 2864,3364 2433,3369 2351,3297 1650,3354 1405,3289 1123,3352 789,3268"/>
                <Baseline points="804,3429 906,3431 1008,3432 1110,3432 1212,3434 1314,3434 1416,3434 1519,3434 1621,3434 1723,3435 1825,3435 1927,3435 2029,3435 2131,3435 2234,3436 2336,3437 2438,3438 2540,3438 2642,3440 2744,3442 2847,3444"/>
                <TextEquiv>
                    <Unicode>Baavia t lsteel datum als Voren</Unicode>
                </TextEquiv>
            </TextLine>
            <TextLine id="r1l38" custom="readingOrder {index:37;}">
                <Coords points="2327,3668 2366,3653 2473,3669 2554,3632 2605,3674 2683,3637 2800,3636 2888,3595 2887,3535 2809,3536 2659,3470 2581,3493 2385,3478 2324,3493"/>
                <Baseline points="2346,3635 2372,3635 2398,3635 2424,3635 2451,3635 2477,3635 2503,3634 2529,3633 2556,3633 2582,3632 2608,3632 2634,3630 2661,3630 2687,3629 2713,3629 2739,3629 2766,3629 2792,3629 2818,3629 2844,3630 2871,3630"/>
                <TextEquiv>
                    <Unicode>Dangoens</Unicode>
                </TextEquiv>
            </TextLine>
            <TextLine id="r1l39" custom="readingOrder {index:38;}">
                <Coords points="2061,3852 2177,3884 2268,3844 2402,3880 2549,3842 2641,3877 2684,3854 2768,3889 2865,3863 2986,3892 2990,3753 2926,3740 2861,3763 2756,3714 2687,3747 2613,3720 2509,3759 2432,3721 2339,3732 2255,3673 2065,3717"/>
                <Baseline points="2079,3830 2123,3828 2168,3825 2212,3825 2257,3825 2301,3825 2346,3827 2390,3828 2435,3830 2479,3832 2524,3834 2569,3836 2613,3839 2658,3840 2702,3843 2747,3845 2791,3846 2836,3846 2880,3848 2925,3848 2970,3848"/>
                <TextEquiv>
                    <Unicode>Paurens PitgC</Unicode>
                </TextEquiv>
            </TextLine>
            <TextLine id="r1l40" custom="readingOrder {index:39;}">
                <Coords points="1999,4047 2078,4062 2172,4005 2226,4029 2432,3997 2629,4030 2972,3966 2970,3898 2830,3860 2529,3902 2449,3861 2269,3928 2186,3880 1994,3890"/>
                <Baseline points="2015,3999 2062,3997 2109,3996 2156,3995 2203,3993 2250,3993 2297,3992 2344,3992 2391,3992 2438,3992 2485,3990 2532,3990 2579,3989 2626,3987 2673,3986 2720,3983 2767,3980 2814,3976 2861,3970 2908,3965 2955,3959"/>
                <TextEquiv>
                    <Unicode>p. A. BVortwater</Unicode>
                </TextEquiv>
            </TextLine>
            <TextLine id="r1l41" custom="readingOrder {index:40;}">
                <Coords points="1366,4602 1582,4566 1669,4613 1848,4549 1990,4612 2439,4517 2625,4560 2739,4541 2733,4388 2585,4426 2443,4346 2044,4360 1628,4465 1534,4425 1361,4471"/>
                <Baseline points="1382,4547 1448,4550 1515,4550 1582,4550 1649,4550 1716,4548 1782,4546 1849,4544 1916,4541 1983,4538 2050,4535 2116,4530 2183,4527 2250,4525 2317,4521 2384,4518 2450,4515 2517,4514 2584,4512 2651,4511 2718,4511"/>
                <TextEquiv>
                    <Unicode>Van Janphuijsn Aaritiden</Unicode>
                </TextEquiv>
            </TextLine>
            <TextLine id="r1l42" custom="readingOrder {index:41;}">
                <Coords points="1679,4667 1718,4671 1729,4661 1754,4663 1763,4557 1742,4555 1738,4558 1721,4546 1706,4559 1688,4558"/>
                <Baseline points="1700,4644 1736,4647"/>
                <TextEquiv>
                    <Unicode></Unicode>
                </TextEquiv>
            </TextLine>
            <TextEquiv>
                <Unicode>18
maelen Iaere gedaghten
hebbende laten aen op de soo-
Tot indeinigt der
seer nodige verminderingh vande druckende lasten, dies
waare lasten
dE: Comp:e alomme te dragen eeft, en wel voor„
namentlyck alhier op eBatavia, alwaer desleven
of lijffengenen ^ die ten getale dan ongevaer 500:
stucks tot verscheijden diensten werden ingehuirt
Jaerlijcks komen te belopen een pomma van 24000:
rijcpdie ofte ƒ 72000: soo is na deliberatie denparigslijck
goefgevonden, ende verstaen, soo hoeft als het doenlijck
S geg ordende
stuurslaven soo deelen
zij Comp:s eijgen slaven daer toe te gebruijcken, sodanige
mogelijk af teschaffen
huirlingen metten tijt geheel afshaffende, ende
n voor eerst die van donderleggen voor eerst alle degene die hier ter reede op de
en omust
onderleggen werden gebruijckt, gelijck mede op het
Eylandt ninst soo veel als wij eijgen slaven der„
waerts konnen bestellen, ende aengaende de vordere
itingen die men nogh genootsaeckt zal zijn in
alle silengende 
dienst te Houden tot 'er tijt dat wij huij neteijgen elaven
nogh not ge Heefd, sonder
Onderscheijt niet meer
konnen verwiselen is valgestelt dat deselve voortaen
te betalen als 6. stverdaags
niet meer sullen winnen als p rijcked: ofte 6. stuijv:s
's daegs sonder onder scheijdt te maecken tusscheno
haer ende de callesaters mitsgaders andere ambagkt
luijden ofte jnmen die onder sodanigen naem zijn door ge„
gaen, en aende welcte tot nogh toe voor loon is betaelt
Jrijced: oft 12: stuijvers Je daegs.
Baavia t lsteel datum als Voren
Dangoens
Paurens PitgC
p. A. BVortwater
Van Janphuijsn Aaritiden
</Unicode>
            </TextEquiv>
        </TextRegion>
        <TextRegion orientation="0.0" id="r2" custom="readingOrder {index:1;}">
            <Coords points="2975,1745 2975,1898 3005,1898 3005,1745"/>
            <TextLine id="r2l1" custom="readingOrder {index:0;}">
                <Coords points="2956,1853 2973,1855 2983,1863 2991,1856 3002,1857 3006,1854 3023,1856 3029,1807 3011,1805 2997,1796 2982,1805 2961,1803"/>
                <Baseline points="2975,1845 3005,1848"/>
                <TextEquiv>
                    <Unicode>4</Unicode>
                </TextEquiv>
            </TextLine>
            <TextEquiv>
                <Unicode>4</Unicode>
            </TextEquiv>
        </TextRegion>
        <TextRegion orientation="0.0" id="r3" custom="readingOrder {index:2;}">
            <Coords points="3008,3929 3008,4081 3053,4081 3053,3929"/>
            <TextLine id="r3l1" custom="readingOrder {index:0;}">
                <Coords points="2993,4077 3010,4076 3038,4050 3052,4060 3074,4059 3068,3941 3046,3942 3040,3950 3015,3955 3007,3948 2986,3949"/>
                <Baseline points="3008,4031 3053,4029"/>
                <TextEquiv>
                    <Unicode>d</Unicode>
                </TextEquiv>
            </TextLine>
            <TextEquiv>
                <Unicode>d</Unicode>
            </TextEquiv>
        </TextRegion>
    </Page>
</PcGts>
