3050 4587
25 16 244 197 292
109 166 402 376 382
2532 354 2640 461 14
2431 544 2941 776 ndnke
611 547 1823 767 den imbabomin hantn
19 580 588 773 de nabas Amuichan
18 740 616 847 bij Redelijke liquidatie van
603 773 2791 891 en vordeijcke tiguientie van sijn eno
18 814 543 906 Reecq. met 2.2. 3-
31 873 605 993 Chliphanten te beschinc¬
590 909 2857 1063 vn dn aan de oompag t met 2: â P: ge0d eijnen
21 945 191 1072 „ken
598 1046 2567 1197 de mogen deselenctn, en wijder gewoommendeer
714 1192 2863 1355 nlgens pundschap van dien vermogendender: als med
13 1228 629 1378 en sijne als des souratsi,
35 1337 622 1447 Gouverneurs Truntschap
613 1318 2898 1494 den nduwren sourate gouveneur enramek
40 1410 412 1523 te consertrien
593 1472 2106 1684 alsins noevermogen t Consenien
18 1668 619 1856 Approbatie van Laulus
599 1654 2907 1895 Eijnde voorts de vekeringe van bakens de soo, onoudeng
31 1823 653 1919 de Hoo, en andries minnes
51 1882 542 1987 tot Adschfentus Met
612 1825 2865 1984 minnes tet adsistenten ull 20. guld:s door 8. daer, en de
46 1958 271 2060 24. gl.
610 1962 2788 2164 aenneminge van atcuespender te Jonghadsis Dnt
23 2005 536 2150 en aert spender tot
21 2118 478 2261 Jonghadsig lent
608 2100 2875 2298 op de goedergetuijgenisse van d’ E: aolotia geapprodeert
610 2305 2898 2437 dogh me Expielverbot, dat naedesen, om geene tedenend
16 2279 601 2443 onder Verbot van geen
26 2400 641 2526 meer Jong adsistenten te
40 2469 272 2572 maaken
608 2421 2959 2651 eenige Cnshadsis zeten meersuleen mogen werden gemaaken
602 2601 2966 2849 Tinnie nu oock den E Commissars daniee parce
14 2680 560 2866 Aan de i e
23 2774 2835 3004 dic nisdan onse dntentie sijnervisive in voorsz: souratge direcdi
42 2899 285 3011 Parve
617 2927 2842 3084 te onfoneeren, soo sal sijnE: nogh bij aparte memone
601 3053 2760 3236 dit volgende werden gerecommandeert en aen bbevolen
598 3247 2803 3482 door Eerst, dat ngevolge van’t voorleden Jalrs gedaane
612 3438 2797 3645 Sapport door den Hegje Wilhem volgen, tweeck ig of de
28 3427 564 3614 lader ondersoek te
46 3573 571 3672 doen op het te las t
44 3641 600 3745 gelegde van d’h: holger
620 3561 2946 3788 nodige documenten in CCopie sal mede gaen, onder de hands
40 3709 620 3829 tegend: Pooste twijck ad
50 3781 405 3921 Bacherus
640 3733 2945 3933 en Exactelijck moet werden vernomen, of 'er oock nogh ijers
624 3918 2836 4128 naders tot perificatie van het daerbij telast geleghde
2560 4081 2784 4241 degen
