3078 4437
-13 43 174 226 42.
158 217 477 438 42
2569 150 2680 309 „
568 436 2891 642 begunstight met de qualiteijt van ondercoopman voor 5 sacren
574 611 2989 781 persoght bij suppl: aen gem:t Doevins ernstelijck daer van o
522 738 2873 896 de reedenen te mogen weten, off wel een keer na Conchin
594 856 2857 979 te mogen doen, om soo 'er jets t' zijner beswaeren noght
605 928 2908 1103 wesen, hem als voor den conepetent regster te ver antw:
592 1039 2919 1244 dat hem suppl:s niet alleene plotselijck wiert afgeslagen —
607 1165 2855 1320 maer daer bij toegevoeght d’ordres vanden Commandeur—
598 1273 2852 1459 prompt mosten werden aghter volght, en dat het vertreck
601 1383 2859 1552 geen uijtstel van naer Conchin te gaen konde lijden, alsoo
590 1514 2856 1660 het schup reets tot Calcoijlangh was genadert, het welcks
614 1631 3068 1759 dan gevolght wiert met een ordonnantie, die van woorttoen
599 1741 1114 1917 aldus luijde
1420 1754 2846 1979 d' Opperhoofden van't Schip Macasser
1434 1919 2853 2049 sullen over nemen den onder coopman
1433 2014 2862 2138 Cheodorus Posmeer met reeckeningh
1448 2103 2862 2230 en plunderagie, omme daer mede, sonder
1447 2185 2950 2330 bedieningh qualiteijt off gagie na batavia
1450 2300 1948 2424 ox ertevaeren
1554 2314 2892 2539 Ter ordonn:s van de Heeren Command:
1579 2455 2877 2641 Hendrick van rheede en Pacos Cols.
1455 2583 2842 2786 Inde fortrisse Gijlangh Pr. Maert
1502 2707 2797 2868 1687. was getekent M: Boevius
1960 2849 2059 2972 t6
648 2840 2871 3041 naer welcke ordonnantie des suppl: reeckeningh tot Coijlan
643 3014 2847 3127 niet alleene en is gelloten geweest, maer daer jnne hem
612 3096 2863 3241 de gagie van /m: als Ianuarij, en februarij, niet goetgedaen
636 3220 2902 3338 sonder jn eenigh van beijde te stellen over eenige condenatie
642 3348 2851 3472 off anders dan eenlijck d: ordres vanden Commandeur soo
645 3418 2783 3581 zijnde, daer hij suppl:. nogstans de maenden Januarij, en
628 3535 2884 3732 februarij, zijnde t eerste jnde nieuwe boecken, bij ’t Compt:r
646 3647 2891 3854 zijnen dienst heeft gepresteert, en daer voor zijn behoorlijck
646 3755 2904 3925 kost gelt, en verder tractement heeft genoten soender eenigh
646 3875 2799 4015 tegenspreecken van gemandt, gelijck bij deselve negotie
652 4005 2766 4128 boecken zal konnen blijcken, zijnde dit een en ander
2417 4079 2775 4245 deenige
2933 262 3010 366 55
