3083 4643
27 48 216 211 316
135 327 305 510 316
2550 379 2674 513 52:
11 825 616 1001 Eonderheijt de koling
641 908 794 1056 deri
13 951 585 1050 drie, en Ttampeetige
34 1016 524 1124 Porles &a
2088 1034 2219 1172 eis
673 1022 1076 1199 istiga
1881 1134 2324 1289 hdot
769 1155 1579 1325 msbanden he
610 1281 2416 1420 ondertussehen enstelick nader veae
628 1418 2497 1569 moorderijen ontmpigsticttingen, die door de soven
606 1516 2624 1696 stootes in Campag: landen en sucisictie omtrent
2202 1643 2589 1797 vaermes
670 1647 1922 1823 valuwe al vlders sijn geplegt
628 1788 2573 1956 gemejt ij, dat die ponge poonge te oendie van
613 1878 2798 2055 dergangen daer niet en gaeteree, dewijle by
626 2031 2783 2242 geseijde tesgentie staed uijtgedrijckt, dat bagia Jmandt
606 2171 2841 2379 van qualiteijt soude dienen of hebben af te senden, vanne
617 2361 2784 2529 de sauden van ons d ontfangen, 't qu:l als de srs tot
620 2493 2764 2645 nogh penieten j gesriet, wetende inids Het alles
7 2522 590 2681 Het Werk hoorts Cinder
9 2645 587 2754 nade presente gn sten
581 2634 2821 2835 sodanigh dn getracht de dingeren, omp het rkginde
15 2713 540 2823 stant in balance te
13 2785 244 2874 Houden
587 2763 2764 2980 me des presenten goeden gemissen stand ein balangi
650 2904 2799 3109 houden tet daemen met, de als in te versoecsen
19 3026 640 3186 tot de naderto Versoken
17 3061 2688 3271 Prompte ordres der prompte en vande ordres der repenn wegens it
17 3227 558 3326 Heeren meesters daer
637 3189 2673 3409 Ceijlouze werck sal wesen de dient genoeste pct
30 3297 189 3370 over
19 3353 617 3495 Pagain eijlen „ 1:o t
628 3334 2898 3537 onder jnweler kagia te ireren, maer han in kiste
42 3462 563 3581 tlate Soo langel
14 3531 453 3652 Ons niet moeijt
627 3501 2928 3680 te laaten soo lange Wijons niet molles chijt, goen
668 3661 2804 3850 rsherminge der Inlanderen die om bijne
25 3713 578 3863 dogh de bescherminge
27 3835 510 3929 der overkomende
627 3824 2585 4028 ethjd. en Titannije tt ons overkomen wel als
28 3907 593 4000 Jnlanderen sal als te
33 3952 582 4090 vooren mogen geschae
626 4000 2641 4147 door Benen sal mogen werden gepractipeert, en den
2511 4136 2802 4268 dessave
2734 1011 2906 1133 :
2842 111 2974 264 6
