3062 4503
32 10 186 129 14.
187 179 367 411 14
712 204 2881 617 Vrijdagh 14:' Januarij 1638..
611 858 756 976 —
725 786 2771 973 Op de bekentmakingh van onten resident: tt
570 941 2888 1092 Dantam dat de Engelde vrunden aldaer voornemens
35 1087 2845 1254 Waen Ergels schp waeren haer schip de Anna binnen wernigh dagen
54 1203 636 1310 de ornaas bantaon
65 1192 2855 1365 een rieftje aende stienn na. Engelands. afte zenden, soo is na deliberatie
238 1321 610 1433 't Patria te
610 1312 2861 1485 goedgevonden met het selve een advijs briefjen aen
66 1406 363 1546 schrijven
620 1428 2882 1625 de heeren onse principaen, te laten algaen, en haer
716 1549 2971 1723 d:o eg bij bekent te maecken het overlijden van„
34 1576 664 1765 met bekentmakinge
74 1745 613 1840 van't verlijden van
623 1675 2930 1834 dere Gouverneur genenael voan 11laetsuijcken H: s: :
50 1805 617 1918 d H: Joncerts Malt„
630 1823 2905 1973 als mede kortelijck wat zedert ons jongste schrijven—
48 1885 332 1990 Suljher
621 1952 2373 2128 alhier is voor gevallen ende gepasseert
766 2085 2857 2334 wijl tot overvoeringh van't resterende op den vandalen
761 2233 2866 2409 bags een bodem ten moeten werden aengelegtt
42 2288 653 2473 Cogtan Jar 17or
633 2363 2893 2578 so:  1g vonden daer toe te gebruijcken het fluijt
67 2409 590 2570 Aanda
629 2512 2902 2651 3 sip: Htoijlandt sullende 't selve tot Japare reklopen
16 2505 563 2735 omorer Sapi 't
75 2653 302 2776 aen
640 2602 3011 2785 en aldaer jnnemen soo veel timmer hout voor deselve
632 2724 2259 2906 provintie als zal konnender vooren.
648 2886 2838 3094 kend opperhofden vande jngehirde fluijt de
65 2929 630 3107 de Gehuud, tiereijt
57 3051 621 3157 de srijgs in Volle
655 3030 2879 3222 krijgsman, te goetgevonden haer op tin verloeck toe
58 3152 636 3243 Aaanie voor gedane
52 3200 612 3359 1 Uijtreijnd
641 3128 2972 3329 te vangende velle premie voor gedane spoedige voijagn
646 3289 2918 3483 met b t. vaderlant zijnde voor reeckeningh vande
617 3399 2926 3566 samer Amsterdam jn hee gelopen, den 26: Maij 1677.
636 3545 2888 3689 Ed den 4:e derember jongstleden behouden hier ten
655 3667 1515 3864 kheder garrirert
799 3798 2856 4028 geleten den request heden ter vergaderingh jn ge„
821 4001 2958 4144 t voor en van wegen Clara Srusz vanden Bergh
2574 4136 2845 4256 Wed:
