3052 4619
39 7 249 147 218.
151 108 370 324 218
2742 199 2859 348 7
667 473 2915 727 van plaets daer toe niet seer bequaen geagst, en ten.
656 661 2925 853 punncipalen oock gemeent wert dat het water de
667 768 2879 926 Ankese vaert en rivier (als daer voor bij, en jnde.
668 893 2824 1054 vesten, en graghten deser stadt lopende) vande
667 999 2882 1161 vuijligheijt dier menschen, door 't wasschen, en plassen
15 954 693 1148 Pegistee van A=n schpenen
29 1095 640 1228 tot Verplaetsinge van't
668 1130 2923 1288 eenigsints konde werden gepifecteert, do hebben
46 1183 626 1290 tazarug Htuijs aende
13 1252 666 1407 Cent den antchiel J  r
661 1246 2969 1372 gemte Heeren schepen jegenwoordigh, door d’ E: EE:
651 1376 2986 1524 prand:ts Cornlis Epeelman, aen ons doen verthonen
651 1470 2842 1626 haer eer w: nader consideratien, derwegen, en
642 1604 2905 1764 hoedanigh, seer beguaemlijck seker stuck landt
651 1685 1573 1873 ofte Eijlandt gelegen
1559 1710 1608 1843 1
1597 1744 2845 1903 arende oost zijde, vande mont
657 1831 1604 1987 der Anchiolse rivier
1622 1836 2822 1970 ’t welck de H: Martinus
651 1928 1601 2099 Casaer, jn Eijgendom
1616 1971 2908 2144 is behoorende soude konnen
666 2046 1633 2215 werden gekogtt. ende
1632 2078 2877 2263 daer toe geapproprieert
662 2209 2903 2351 als alwaer men met de na bijheijt der zee van alle
643 2258 2868 2460 die vuyligheijt voor geen jnfectie omtrent de stadt
619 2427 2808 2597 heeft te vreesen, en oock genoegssame ruijmte
656 2522 2855 2702 en plaets zal wesen ommo die Elendige mensher„
629 2602 2847 2804 jn bequame apartementen, na behoren te logieren.
629 2798 2835 2958 Op welck notsaicklijck, en voor ’t gemene beste soo
7 2838 594 3038 den Resolutin om sulx
641 2914 2821 3105 dienstigh voordragen, dan na deliberatie verstaen
26 3011 619 3113 met ommunicatie der
15 3068 2860 3223 Regenten van 'tl: smettuijs 16: gemelte Heeren schepenen te qualificeren omme
37 3130 571 3267 b mogen Volbrengen
615 3163 2845 3309 voorsz. stuck lants omtrent de ancdiolse rivier.
644 3279 2896 3436 daer toe te mogen kopen, en met de Regenten van
640 3408 2920 3527 voorschreven, Pazarus huijs, dan verder oock over
630 3488 2815 3653 de bequaminge, dier plaets tot defrojemente, der
654 3627 2826 3769 Impotenten. te besoigneven, nademael sulx alles
16 3611 613 3791 te meer het buijd hasten
640 3729 2903 3870 buijten lasten van d’ E Comp:e zal konnen geschieden
10 3770 598 3911 Van de Comp: Sal g:schinden
611 3821 2895 3981 en behalven het Capitael van 9.752: rijcxdaelders
626 3921 2772 4094 dat het Lazarus huijs, jegenwoordigh bereets te
633 4033 2864 4225 vorenstaet, oock uijt de tlederlantse, en jnlandse
2403 4150 2881 4326 gemeente
