3146 4644
9 1260 113 1422 1
2844 -4 3060 201 495.
2802 206 3062 436 495
2649 494 2810 730 3
2068 756 2252 924 10
454 900 2622 1130 has dat os Coo zvon C: d thalcup te aortngo
249 1028 2613 1246 Van Taucabapa was toegebragtt de Bouchelijck tijdinge
2565 1188 3115 1337 door de broogte Piterie
255 1180 2422 1355 van tokge: van den dlianprile tersonapja omt
2580 1299 3063 1390 ent vroveren van
269 1279 2365 1497 ververen en sijn voornaeme bgstple Cadierij o
2577 1359 3113 1479 Judruaij, in ’t opeslaen
2611 1439 3070 1574 Van TrotnaJaja
364 1399 2325 1587 woden maa deer dns  aen de e be
258 1547 2494 1716 dejarie Pacdb en adminael enthonie t sijde op Iapas
284 1666 2426 1846 deterijse soo is goedgevonden daer over desen avond
385 1816 2506 1990 nan dde asteels, envande Hoostvuncden der stadd
243 1939 3127 2149 als eenhe shoede de doen losbranden; En zijden kpginghte
2585 2103 3125 2204 taten doen, ’t Canen
490 2091 2532 2297 derere in de avestaende kersdaagen over die victorie
2584 2171 3127 2277 afftebranden, en Vreugd
2594 2235 3107 2376 vieren aen te steeken
151 2283 2506 2394 San de bercken debesbede denlijckt loven en dancken
253 2368 2545 2551 en dan act de vieren te doen aensteken, als
460 2477 1919 2689 aange voorallen gsde gescheeden
196 2634 2488 2825 nne inde tegenwoordige geeegenpeijd des tijts gebeter
2578 2618 3160 2813 omme te beter Kernisse
2613 2771 3109 2868 Van duse Inlanders
244 2780 2550 2967 kennisse nese sicnatie de hebben van onse pilandze
2596 2839 3145 2960 en Javanen te Hebben
241 2874 2533 3101 atnen, naene eenigentijt herwaarts een gooot
246 3062 2532 3240 aantalr Javanen sijne de zijn verrmist, overt alshans
2583 3070 3157 3263 Salmen alle de ars
2604 3221 3129 3324 balijze, n bougijze
233 3150 2580 3366 nodigh, en diensagd geoorderle alle de Javaanze galijkhe ton
2586 3286 3157 3403 Inhabjlanten op nieuw
2602 3364 3135 3494 Van lootiens doen versien
204 3295 2638 3502 bougijsche insabmam deser stoede en in onse ommelanden
239 3443 2475 3691 op nieuw van de hoorlijke, en gewoone Loodiens de laaten
251 3644 2444 3780 voorsien, en alsoo een pernende nlotitie van alle
2516 3624 3158 3792 En den Lertindite hote
2593 3776 3160 3862 daer van don Opnenua
255 3769 2513 3984 deselve volcken te laaten opnemen, door de Tespective
2578 3826 3116 3937 door de lantdrosten, en
2583 3912 3089 4008 Capiteijns der buijten
2587 3978 3129 4075 forten, met gecommitteet
2106 3959 2930 4150 Cantdros 2t schepenen
