3102 4611
0 3140 55 3341 1
-17 886 77 1045 „
-4 509 111 685 6
47 1849 140 1982 „
2852 -31 2966 89 53
2794 97 2962 290 63
229 178 462 313 1
758 274 916 473 1.
154 469 2508 671 de Heeft Mallabaeren, ende de andere helft Madagas
201 647 2416 755 caresen, om een preuve te nemen hoedeselve, en wie
205 709 2513 890 van hun best sullen konen aerden, jnde aldaer gelegene
187 812 2475 1001 gout mijne, die door het uijtleveren van goede rijcken
201 978 2454 1117 Arts al vrij groote hoope begint te geven en ons alsoo
200 1047 2453 1219 te verpligsten, om wat meer werck daer van tet
201 1179 2447 1356 maecken. schijnende het gebreck van goede Eijff„
191 1298 2431 1485 eijgenen, om deselve te bearbeijden, wel de grootste
201 1392 2448 1576 verhinderingh te sullen veroorsaecken, ende waerom
194 1513 3002 1699 dan oock goetgevonden is, dat tgetraght en de voir aen„ met Commandatie
2445 1652 2983 1746 daer toe meer blaven
194 1681 2378 1836 gewent zal moeten werden om een goede partije
2449 1720 2966 1816 Op 't Eijlant Mias te
2461 1781 2787 1902 Nugotieren
213 1780 2307 1925 te tlegotieren op het Eijlandt Clias, een natie
200 1927 2475 2054 zijnde vande welcke getuijght wort dat wel de meeste
219 2007 2500 2181 ende beste dienst te trecken zij, ende is mede verstaen
2498 2074 3047 2246 en daer toe de tabeljen
208 2098 2475 2299 dat tot het doen van die voijagie zal werden gebruijg
2480 2191 2855 2309 te gebruijken
201 2243 2950 2364 het boven gemelte saght de Cabellauw, mitsgaders tot den ondercoopman
2464 2331 2749 2464 Dacker
201 2364 2382 2486 Hooft van gemelte handel den ondercoopman francois
279 2460 2571 2622 Dacker althans op gemelte estcust bescheijden
195 2583 2206 2761 ende daer toe van goede bequaemheijt zijnde.
201 2724 2518 2956 Baer op dan verders gesproken zijnde nopended
217 2918 2429 3056 het verongelucken vande fluijt uijdaim, den eersten october
179 3009 2370 3186 des voorleden Iaers op het Eijlandt de goede fortuijn
2498 3076 3056 3246 En Retige vende
226 3161 2493 3293 en offnen desselfs Inwoonders, soude konnen ongestraft laten
2465 3202 3086 3314 hostiliteijten der Inwoondiss
220 3231 2456 3398 over dat ons aenlandt gekomen volck eenige maelen
2453 3271 3033 3379 van ’t Eijlant de fortuijn
2480 3349 3022 3440 aen ons Volk vande
220 3344 3011 3539 vijandlijck hadden aengetaft, drie daer van moord-dadig verongeluckte fteuijt
2446 3476 2827 3601 uijdam begaen
235 3453 2315 3631 om ’t leven gebraght, en d’ andere alsoo gedwongen
216 3556 2391 3748 Haer met boot en schuijt na Pritman, te begeven
235 3683 2554 3859 aghter latende 30: soo slaven als slavinnen 73: baelen
205 3805 2379 3962 zijde, en 4: Cassen net dubbelde Armo zijnen, tot
238 3932 2505 4053 weder kominge t van welcke lijffeijgenen,, en Coopman
221 4047 2492 4175 schappen, den Commandeur, ende den raad op sumatras
2125 4173 2383 4318 west
