<?xml version="1.0" encoding="UTF-8" standalone="yes"?>
<PcGts xmlns="http://schema.primaresearch.org/PAGE/gts/pagecontent/2013-07-15" xmlns:xsi="http://www.w3.org/2001/XMLSchema-instance" xsi:schemaLocation="http://schema.primaresearch.org/PAGE/gts/pagecontent/2013-07-15 http://schema.primaresearch.org/PAGE/gts/pagecontent/2013-07-15/pagecontent.xsd">
    <Metadata>
        <Creator>prov=University of Rostock/Institute of Mathematics/CITlab|PLANET AI GmbH/Gundram Leifert/gundram.leifert@planet-ai.de:name=Dutch Mountains (18th Century)(htr_id=21683)::::v=2.6.6
prov=University of Rostock/Institute of Mathematics/CITlab|PLANET AI GmbH/Tobias Gruening/tobias.gruening@planet-ai.de:name=de.uros.citlab.module.baseline2polygon.B2PSeamMultiOriented:v=2.6.6
prov=University of Rostock/Institute of Mathematics/CITlab|PLANET AI GmbH/Tobias Gruening/tobias.gruening@planet-ai.de:name=/net_tf/LA73_249_0mod360.pb:de.uros.citlab.segmentation.CITlab_LA_ML:v=2.6.6
Transkribus</Creator>
        <Created>2020-09-07T17:36:51.444+07:00</Created>
        <LastChange>2020-09-07T15:46:53.583+02:00</LastChange>
        <TranskribusMetadata docId="471980" pageId="19528231" pageNr="107" tsid="39440680" status="IN_PROGRESS" userId="15017" imgUrl="https://files.transkribus.eu/Get?id=AHOMMVKTTHFPPTMUONCHJOZS&amp;fileType=view" xmlUrl="https://files.transkribus.eu/Get?id=DQTHFORGBMWGHNRPKKMEERND" imageId="15088068"/>
    </Metadata>
    <Page imageFilename="ID-ANRI_K66a_890_107.jpg" imageWidth="3123" imageHeight="4611">
        <ReadingOrder>
            <OrderedGroup id="ro_1620456095157" caption="Regions reading order">
                <RegionRefIndexed index="0" regionRef="r1"/>
                <RegionRefIndexed index="1" regionRef="r2"/>
                <RegionRefIndexed index="2" regionRef="r3"/>
                <RegionRefIndexed index="3" regionRef="r4"/>
                <RegionRefIndexed index="4" regionRef="r5"/>
            </OrderedGroup>
        </ReadingOrder>
        <TextRegion orientation="0.0" id="r1" custom="readingOrder {index:0;}">
            <Coords points="18,3580 18,3730 33,3730 33,3580"/>
            <TextLine id="r1l1" custom="readingOrder {index:0;}">
                <Coords points="3,3686 21,3686 32,3697 47,3697 47,3550 3,3547"/>
                <Baseline points="18,3680 33,3680"/>
                <TextEquiv>
                    <Unicode></Unicode>
                </TextEquiv>
            </TextLine>
            <TextEquiv>
                <Unicode></Unicode>
            </TextEquiv>
        </TextRegion>
        <TextRegion orientation="0.0" id="r2" custom="readingOrder {index:1;}">
            <Coords points="27,4 27,154 63,154 63,4"/>
            <TextLine id="r2l1" custom="readingOrder {index:0;}">
                <Coords points="12,115 26,115 29,118 47,112 77,115 77,32 12,35"/>
                <Baseline points="27,104 63,104"/>
                <TextEquiv>
                    <Unicode>6</Unicode>
                </TextEquiv>
            </TextLine>
            <TextEquiv>
                <Unicode>6</Unicode>
            </TextEquiv>
        </TextRegion>
        <TextRegion orientation="0.0" id="r3" custom="readingOrder {index:2;}">
            <Coords points="75,4265 75,4415 90,4415 90,4265"/>
            <TextLine id="r3l1" custom="readingOrder {index:0;}">
                <Coords points="59,4427 74,4427 91,4419 106,4419 106,4274 91,4274 85,4280 59,4277"/>
                <Baseline points="75,4365 90,4365"/>
                <TextEquiv>
                    <Unicode></Unicode>
                </TextEquiv>
            </TextLine>
            <TextEquiv>
                <Unicode></Unicode>
            </TextEquiv>
        </TextRegion>
        <TextRegion orientation="0.0" id="r4" custom="readingOrder {index:3;}">
            <Coords points="99,128 99,4256 2502,4256 2502,128"/>
            <TextLine id="r4l1" custom="readingOrder {index:0;}">
                <Coords points="888,203 909,204 959,232 994,229 979,71 930,78 922,85 912,77 893,91 878,92"/>
                <Baseline points="900,183 925,191 950,180 975,183"/>
                <TextEquiv>
                    <Unicode>7</Unicode>
                </TextEquiv>
            </TextLine>
            <TextLine id="r4l2" custom="readingOrder {index:1;}">
                <Coords points="1810,218 1825,218 1828,215 1834,221 1837,218 1855,218 1855,130 1810,127"/>
                <Baseline points="1824,206 1839,206"/>
                <TextEquiv>
                    <Unicode>1</Unicode>
                </TextEquiv>
            </TextLine>
            <TextLine id="r4l3" custom="readingOrder {index:2;}">
                <Coords points="207,623 2347,642 2347,536 2207,476 1652,586 1359,495 875,579 208,452"/>
                <Baseline points="221,600 326,602 432,603 537,603 643,605 749,605 854,606 960,606 1065,606 1171,608 1277,608 1382,608 1488,609 1593,609 1699,611 1805,612 1910,614 2016,615 2121,618 2227,621 2333,624"/>
                <TextEquiv>
                    <Unicode>Nadien den L: Commissaris Lirck de Haes, op</Unicode>
                </TextEquiv>
            </TextLine>
            <TextLine id="r4l4" custom="readingOrder {index:3;}">
                <Coords points="83,739 2308,782 2405,777 2406,630 2067,687 83,604"/>
                <Baseline points="99,714 213,713 328,711 442,710 557,710 672,710 786,708 901,708 1015,708 1130,709 1245,710 1359,710 1474,711 1588,711 1703,713 1818,714 1932,715 2047,716 2161,717 2276,719 2391,722"/>
                <TextEquiv>
                    <Unicode>5: deser met de Chaloup de Drack. van Palmbangh</Unicode>
                </TextEquiv>
            </TextLine>
            <TextLine id="r4l5" custom="readingOrder {index:4;}">
                <Coords points="175,846 1847,881 2315,851 2316,777 176,746"/>
                <Baseline points="189,813 294,813 400,813 505,815 611,815 716,815 822,815 927,815 1033,815 1138,815 1244,816 1350,816 1455,816 1561,818 1666,818 1772,819 1877,820 1983,821 2088,822 2194,824 2300,827"/>
                <TextEquiv>
                    <Unicode>hier geretourneert, desselfs Commissie jnde saecken</Unicode>
                </TextEquiv>
            </TextLine>
            <TextLine id="r4l6" custom="readingOrder {index:5;}">
                <Coords points="192,912 2499,955 2500,884 2351,835 2020,896 193,853"/>
                <Baseline points="206,911 319,912 433,914 547,916 661,917 775,918 889,920 1003,920 1117,921 1231,921 1345,923 1458,924 1572,924 1686,926 1800,927 1914,929 2028,932 2142,934 2256,937 2370,941 2484,944"/>
                <TextEquiv>
                    <Unicode>vande Compt: aldaer 't na de kortheijt, vande aenbevolen</Unicode>
                </TextEquiv>
            </TextLine>
            <TextLine id="r4l7" custom="readingOrder {index:6;}">
                <Coords points="192,1053 1193,1011 2076,1035 2181,1110 2362,1044 2496,1113 2498,957 193,962"/>
                <Baseline points="206,1020 319,1019 433,1017 547,1017 661,1017 774,1017 888,1017 1002,1017 1116,1019 1229,1019 1343,1020 1457,1022 1571,1023 1684,1025 1798,1028 1912,1029 2026,1032 2139,1034 2253,1037 2367,1040 2481,1043"/>
                <TextEquiv>
                    <Unicode>tijt mettet vernieuwen vant Contract, ent visiteren</Unicode>
                </TextEquiv>
            </TextLine>
            <TextLine id="r4l8" custom="readingOrder {index:7;}">
                <Coords points="184,1157 1421,1130 2412,1206 2413,1085 2180,1109 2064,1033 185,1057"/>
                <Baseline points="200,1125 309,1124 419,1124 529,1124 639,1124 749,1124 859,1124 968,1124 1078,1125 1188,1125 1298,1127 1408,1128 1518,1130 1628,1133 1737,1135 1847,1139 1957,1142 2067,1145 2177,1149 2287,1154 2397,1158"/>
                <TextEquiv>
                    <Unicode>van't comptoir als anders tot ons genoegen heeft vol„</Unicode>
                </TextEquiv>
            </TextLine>
            <TextLine id="r4l9" custom="readingOrder {index:8;}">
                <Coords points="181,1259 2294,1305 2416,1212 1592,1201 1422,1131 1206,1196 182,1159"/>
                <Baseline points="197,1230 307,1230 417,1230 527,1230 637,1230 747,1232 857,1232 968,1233 1078,1234 1188,1235 1298,1236 1408,1238 1518,1239 1628,1241 1739,1242 1849,1244 1959,1245 2069,1248 2179,1249 2289,1250 2400,1251"/>
                <TextEquiv>
                    <Unicode>braght, ende bij zijn overgeleverde schristuren</Unicode>
                </TextEquiv>
            </TextLine>
            <TextLine id="r4l10" custom="readingOrder {index:9;}">
                <Coords points="186,1381 2461,1410 2462,1345 2105,1259 2021,1331 1669,1257 188,1261"/>
                <Baseline points="200,1331 312,1334 424,1335 537,1338 649,1340 761,1341 874,1343 986,1346 1098,1347 1211,1349 1323,1350 1435,1352 1548,1355 1660,1356 1772,1359 1885,1361 1997,1364 2109,1367 2222,1370 2334,1374 2447,1377"/>
                <TextEquiv>
                    <Unicode>genoegssaem, doen blijcken dat 'er om diverse redenen</Unicode>
                </TextEquiv>
            </TextLine>
            <TextLine id="r4l11" custom="readingOrder {index:10;}">
                <Coords points="195,1463 2329,1497 2275,1381 2048,1357 1544,1423 891,1351 717,1413 635,1355 528,1413 196,1381"/>
                <Baseline points="209,1440 314,1445 419,1449 524,1452 629,1455 735,1457 840,1458 945,1460 1050,1461 1155,1463 1261,1463 1366,1464 1471,1466 1576,1466 1681,1467 1787,1469 1892,1471 1997,1473 2102,1476 2207,1479 2313,1484"/>
                <TextEquiv>
                    <Unicode>niet te vergeels, aende vigilantie en goeden ijver</Unicode>
                </TextEquiv>
            </TextLine>
            <TextLine id="r4l12" custom="readingOrder {index:11;}">
                <Coords points="192,1558 1123,1549 1566,1645 2468,1592 2381,1493 194,1463"/>
                <Baseline points="206,1548 318,1551 430,1554 543,1556 655,1559 767,1560 880,1562 992,1563 1104,1565 1217,1566 1329,1568 1441,1569 1554,1571 1666,1572 1778,1574 1891,1576 2003,1578 2115,1581 2228,1584 2340,1587 2453,1590"/>
                <TextEquiv>
                    <Unicode>der residenten bevorens is getwijffelt, soo is als nu niet</Unicode>
                </TextEquiv>
            </TextLine>
            <TextLine id="r4l13" custom="readingOrder {index:12;}">
                <Coords points="175,1666 2202,1736 2367,1710 2369,1624 1572,1584 1347,1648 1122,1562 991,1630 177,1560"/>
                <Baseline points="191,1646 299,1652 407,1656 515,1659 623,1664 731,1666 839,1668 948,1670 1056,1671 1164,1673 1272,1674 1380,1676 1488,1676 1596,1677 1705,1679 1813,1680 1921,1682 2029,1684 2137,1686 2245,1689 2354,1692"/>
                <TextEquiv>
                    <Unicode>de te doene nader rescriptie, jn korte dagen, met</Unicode>
                </TextEquiv>
            </TextLine>
            <TextLine id="r4l14" custom="readingOrder {index:13;}">
                <Coords points="179,1745 2400,1841 2477,1822 2480,1707 2074,1776 1738,1685 180,1695"/>
                <Baseline points="194,1760 307,1761 420,1761 534,1763 647,1765 761,1768 874,1770 987,1774 1101,1778 1214,1781 1328,1784 1441,1788 1554,1791 1668,1796 1781,1799 1895,1801 2008,1804 2121,1806 2235,1808 2348,1808 2462,1809"/>
                <TextEquiv>
                    <Unicode>het schip 't Elandt Mauritius naer derwaerts</Unicode>
                </TextEquiv>
            </TextLine>
            <TextLine id="r4l15" custom="readingOrder {index:14;}">
                <Coords points="167,1883 2312,1961 2483,1939 2486,1815 2085,1867 1807,1798 1652,1865 497,1776 168,1836"/>
                <Baseline points="182,1869 296,1871 410,1871 524,1874 639,1875 753,1877 867,1880 982,1883 1096,1886 1210,1890 1325,1893 1439,1896 1553,1899 1667,1902 1782,1907 1896,1910 2010,1913 2125,1915 2239,1917 2353,1919 2468,1922"/>
                <TextEquiv>
                    <Unicode>met eenen, om verscheijde emportante consideratien over</Unicode>
                </TextEquiv>
            </TextLine>
            <TextLine id="r4l16" custom="readingOrder {index:15;}">
                <Coords points="186,2024 2514,2060 2516,1971 189,1889"/>
                <Baseline points="203,1980 317,1983 432,1986 547,1988 662,1991 777,1992 892,1995 1007,1997 1122,2000 1237,2001 1352,2004 1466,2006 1581,2009 1696,2012 1811,2013 1926,2016 2041,2019 2156,2022 2271,2025 2386,2030 2501,2033"/>
                <TextEquiv>
                    <Unicode>de negotie van Palimbangh, ende de hope die d'E: de Haes</Unicode>
                </TextEquiv>
            </TextLine>
            <TextLine id="r4l17" custom="readingOrder {index:16;}">
                <Coords points="187,2115 2355,2170 2478,2082 188,2023"/>
                <Baseline points="201,2093 314,2096 427,2097 540,2100 653,2102 766,2105 879,2106 992,2109 1105,2111 1218,2114 1331,2115 1444,2118 1557,2120 1670,2123 1783,2124 1896,2126 2009,2129 2122,2130 2235,2132 2348,2133 2462,2135"/>
                <TextEquiv>
                    <Unicode>bij zijn rapport shynt te geven, van Iaerlijcks aldaer</Unicode>
                </TextEquiv>
            </TextLine>
            <TextLine id="r4l18" custom="readingOrder {index:17;}">
                <Coords points="194,2214 2157,2287 2366,2249 2368,2169 196,2138"/>
                <Baseline points="209,2204 316,2208 423,2211 530,2214 637,2217 744,2220 851,2222 958,2225 1065,2226 1172,2228 1280,2229 1387,2231 1494,2232 1601,2234 1708,2235 1815,2235 1922,2237 2029,2238 2136,2238 2243,2240 2351,2241"/>
                <TextEquiv>
                    <Unicode>omtrent 30000: picols, ofte 1500: lasten pepen voor de</Unicode>
                </TextEquiv>
            </TextLine>
            <TextLine id="r4l19" custom="readingOrder {index:18;}">
                <Coords points="192,2350 2400,2370 2401,2302 2072,2235 1662,2323 1574,2263 194,2249"/>
                <Baseline points="206,2319 320,2324 435,2327 550,2331 664,2334 779,2337 894,2340 1008,2343 1123,2346 1238,2348 1352,2351 1467,2352 1582,2354 1696,2354 1811,2355 1926,2355 2040,2355 2155,2354 2270,2354 2385,2352"/>
                <TextEquiv>
                    <Unicode>Comp: te sullen konnen bemaghtigen; naer deliberatie</Unicode>
                </TextEquiv>
            </TextLine>
            <TextLine id="r4l20" custom="readingOrder {index:19;}">
                <Coords points="152,2450 2416,2465 2148,2369 152,2383"/>
                <Baseline points="167,2433 278,2437 390,2441 501,2444 613,2445 725,2448 836,2450 948,2451 1060,2451 1171,2453 1283,2453 1395,2454 1506,2454 1618,2454 1730,2454 1841,2454 1953,2454 2065,2454 2176,2454 2288,2456 2400,2456"/>
                <TextEquiv>
                    <Unicode>geresolveert. wederom expres voor eenigen tijt na</Unicode>
                </TextEquiv>
            </TextLine>
            <TextLine id="r4l21" custom="readingOrder {index:20;}">
                <Coords points="94,2579 1834,2554 1975,2620 2443,2599 2476,2514 1007,2523 536,2449 400,2528 95,2412"/>
                <Baseline points="108,2552 225,2553 343,2555 461,2555 578,2556 696,2556 814,2556 931,2556 1049,2558 1167,2558 1285,2558 1402,2558 1520,2558 1638,2559 1755,2559 1873,2561 1991,2562 2108,2564 2226,2566 2344,2568 2462,2571"/>
                <TextEquiv>
                    <Unicode>derwaerts te committeren, en ’t opper gelagt aen te bevelen</Unicode>
                </TextEquiv>
            </TextLine>
            <TextLine id="r4l22" custom="readingOrder {index:21;}">
                <Coords points="183,2697 1582,2657 2114,2746 2459,2680 2274,2573 1983,2621 1836,2553 1726,2629 184,2580"/>
                <Baseline points="197,2660 309,2661 421,2663 534,2664 646,2664 758,2666 871,2666 983,2667 1095,2667 1208,2667 1320,2667 1432,2669 1545,2669 1657,2669 1769,2669 1882,2670 1994,2670 2106,2671 2219,2672 2331,2673 2444,2675"/>
                <TextEquiv>
                    <Unicode>den Coopmeen, Jan van feene, wesende teen bequaem en</Unicode>
                </TextEquiv>
            </TextLine>
            <TextLine id="r4l23" custom="readingOrder {index:22;}">
                <Coords points="178,2791 2342,2797 2230,2699 1830,2728 1586,2656 1418,2733 178,2697"/>
                <Baseline points="192,2771 298,2771 405,2772 512,2772 619,2772 726,2773 832,2774 939,2774 1046,2775 1153,2775 1260,2775 1366,2777 1473,2777 1580,2777 1687,2777 1794,2777 1900,2777 2007,2777 2114,2775 2221,2775 2328,2774"/>
                <TextEquiv>
                    <Unicode>der varen dienaer, soo tot vervolge der jongste visite</Unicode>
                </TextEquiv>
            </TextLine>
            <TextLine id="r4l24" custom="readingOrder {index:23;}">
                <Coords points="205,2918 2445,2928 2446,2816 205,2812"/>
                <Baseline points="221,2877 331,2876 441,2876 552,2876 662,2876 773,2876 883,2876 994,2877 1104,2877 1215,2879 1325,2880 1435,2880 1546,2882 1656,2883 1767,2883 1877,2885 1988,2885 2098,2885 2209,2885 2319,2885 2430,2883"/>
                <TextEquiv>
                    <Unicode>van gemelte Commissaris, de Haes als om het comptoir</Unicode>
                </TextEquiv>
            </TextLine>
            <TextLine id="r4l25" custom="readingOrder {index:24;}">
                <Coords points="202,2995 2445,3018 2410,2924 202,2916"/>
                <Baseline points="215,3000 325,2996 436,2994 547,2991 657,2991 768,2991 879,2991 989,2993 1100,2994 1211,2996 1322,2997 1432,2999 1543,3002 1654,3003 1764,3004 1875,3005 1986,3005 2096,3005 2207,3003 2318,3002 2429,2999"/>
                <TextEquiv>
                    <Unicode>en Comp:s saecken, en handel aldaer voort jn Eesche</Unicode>
                </TextEquiv>
            </TextLine>
            <TextLine id="r4l26" custom="readingOrder {index:25;}">
                <Coords points="209,3137 2320,3158 2350,3056 210,3031"/>
                <Baseline points="224,3110 329,3108 435,3108 540,3107 646,3107 751,3108 857,3108 962,3108 1068,3110 1173,3111 1279,3111 1384,3113 1490,3114 1595,3116 1701,3117 1806,3117 1912,3119 2017,3119 2123,3120 2228,3120 2334,3120"/>
                <TextEquiv>
                    <Unicode>te brengen, en oock principalyck omme met eenen</Unicode>
                </TextEquiv>
            </TextLine>
            <TextLine id="r4l27" custom="readingOrder {index:26;}">
                <Coords points="2338,3162 2370,3169 2400,3159 2418,3145 2433,3146 2440,3011 2416,3010 2404,3018 2395,3014 2345,3015"/>
                <Baseline points="2355,3119 2386,3120 2418,3122"/>
                <TextEquiv>
                    <Unicode>—</Unicode>
                </TextEquiv>
            </TextLine>
            <TextLine id="r4l28" custom="readingOrder {index:27;}">
                <Coords points="203,3238 2440,3225 2440,3146 203,3129"/>
                <Baseline points="218,3213 328,3216 438,3218 548,3219 659,3221 769,3222 879,3222 990,3224 1100,3224 1210,3224 1321,3224 1431,3222 1541,3222 1651,3221 1762,3221 1872,3219 1982,3218 2093,3216 2203,3215 2313,3213 2424,3212"/>
                <TextEquiv>
                    <Unicode>het nieuw gemaeckte contract met den Sulthan</Unicode>
                </TextEquiv>
            </TextLine>
            <TextLine id="r4l29" custom="readingOrder {index:28;}">
                <Coords points="213,3368 2182,3375 2374,3337 2374,3225 1720,3307 1579,3224 1449,3301 213,3238"/>
                <Baseline points="228,3332 334,3332 441,3332 547,3333 654,3333 760,3335 867,3335 973,3336 1080,3338 1186,3338 1293,3339 1399,3339 1506,3339 1612,3339 1719,3339 1825,3338 1932,3337 2038,3335 2145,3333 2251,3330 2358,3326"/>
                <TextEquiv>
                    <Unicode>Ratou Coninck van Palimbangh, jn eenige poncten</Unicode>
                </TextEquiv>
            </TextLine>
            <TextLine id="r4l30" custom="readingOrder {index:29;}">
                <Coords points="211,3430 2047,3489 2421,3470 2469,3365 211,3369"/>
                <Baseline points="224,3420 335,3425 446,3428 558,3431 669,3434 781,3437 892,3438 1004,3440 1115,3440 1227,3441 1338,3441 1449,3441 1561,3441 1672,3440 1784,3440 1895,3440 2007,3438 2118,3438 2230,3437 2341,3437 2453,3435"/>
                <TextEquiv>
                    <Unicode>wat nader te doen verklaren, om voor toekomende</Unicode>
                </TextEquiv>
            </TextLine>
            <TextLine id="r4l31" custom="readingOrder {index:30;}">
                <Coords points="217,3558 2266,3570 2186,3467 1762,3442 217,3470"/>
                <Baseline points="231,3533 332,3539 433,3543 534,3546 635,3548 736,3549 837,3551 938,3549 1039,3549 1140,3548 1241,3546 1342,3545 1443,3543 1544,3542 1645,3540 1746,3540 1847,3539 1948,3539 2049,3539 2150,3540 2252,3542"/>
                <TextEquiv>
                    <Unicode>tot meerder gerustheijt tusschen d' E Compte: en</Unicode>
                </TextEquiv>
            </TextLine>
            <TextLine id="r4l32" custom="readingOrder {index:31;}">
                <Coords points="215,3734 589,3652 2429,3679 2481,3493 2034,3602 1677,3542 1319,3615 965,3562 886,3633 214,3596"/>
                <Baseline points="230,3654 341,3657 453,3660 565,3662 677,3663 789,3663 900,3663 1012,3662 1124,3662 1236,3660 1348,3659 1459,3657 1571,3656 1683,3654 1795,3653 1907,3651 2018,3650 2130,3650 2242,3648 2354,3650 2466,3650"/>
                <TextEquiv>
                    <Unicode>gemelte Coninetk weder tijdts te dienen, t gunt ten</Unicode>
                </TextEquiv>
            </TextLine>
            <TextLine id="r4l33" custom="readingOrder {index:32;}">
                <Coords points="223,3798 2504,3783 2503,3677 1014,3737 536,3659 222,3731"/>
                <Baseline points="237,3777 349,3776 462,3776 574,3774 687,3773 800,3771 912,3770 1025,3768 1137,3767 1250,3765 1363,3764 1475,3762 1588,3761 1700,3759 1813,3758 1926,3758 2038,3756 2151,3756 2263,3756 2376,3758 2489,3758"/>
                <TextEquiv>
                    <Unicode>voornaemsten, hier jnne zal bestaen, dat het 9: articul</Unicode>
                </TextEquiv>
            </TextLine>
            <TextLine id="r4l34" custom="readingOrder {index:33;}">
                <Coords points="2432,3914 2447,3914 2461,3904 2470,3910 2479,3906 2485,3909 2491,3903 2517,3905 2515,3826 2497,3826 2485,3836 2476,3830 2465,3830 2453,3834 2444,3843 2430,3843"/>
                <Baseline points="2445,3863 2473,3861 2502,3861"/>
                <TextEquiv>
                    <Unicode></Unicode>
                </TextEquiv>
            </TextLine>
            <TextLine id="r4l35" custom="readingOrder {index:34;}">
                <Coords points="219,3907 2436,3889 2435,3809 2202,3768 219,3836"/>
                <Baseline points="234,3890 343,3887 452,3884 561,3881 671,3879 780,3878 889,3876 999,3875 1108,3875 1217,3873 1327,3873 1436,3873 1545,3872 1654,3872 1764,3870 1873,3870 1982,3868 2092,3866 2201,3864 2310,3861 2420,3858"/>
                <TextEquiv>
                    <Unicode>van gemelte, Contract, jutreguart vanden Sulthan</Unicode>
                </TextEquiv>
            </TextLine>
            <TextLine id="r4l36" custom="readingOrder {index:35;}">
                <Coords points="2220,4032 2234,4028 2240,4030 2248,4025 2255,4014 2258,4016 2273,4013 2248,3916 2193,3926"/>
                <Baseline points="2222,3983 2247,3977"/>
                <TextEquiv>
                    <Unicode>—</Unicode>
                </TextEquiv>
            </TextLine>
            <TextLine id="r4l37" custom="readingOrder {index:36;}">
                <Coords points="224,4031 1593,3997 1920,4059 2223,4006 2222,3891 1846,3953 1015,3883 506,3888 327,3969 223,3925"/>
                <Baseline points="240,4007 338,4004 436,4001 535,3999 633,3996 731,3995 830,3993 928,3993 1026,3992 1125,3992 1223,3990 1321,3990 1420,3990 1518,3990 1616,3990 1715,3989 1813,3989 1911,3989 2010,3987 2108,3987 2207,3986"/>
                <TextEquiv>
                    <Unicode>en't vervoeren des pepers werde geamplieert</Unicode>
                </TextEquiv>
            </TextLine>
            <TextLine id="r4l38" custom="readingOrder {index:37;}">
                <Coords points="223,4164 523,4112 724,4175 891,4086 2458,4151 2457,4051 2345,4017 222,4031"/>
                <Baseline points="237,4112 347,4110 457,4108 567,4106 678,4104 788,4104 898,4103 1008,4103 1119,4101 1229,4101 1339,4101 1449,4100 1560,4100 1670,4100 1780,4098 1890,4098 2001,4097 2111,4097 2221,4095 2331,4094 2442,4092"/>
                <TextEquiv>
                    <Unicode>ende daer bij gestipuleert dat gesegede palmbangse</Unicode>
                </TextEquiv>
            </TextLine>
            <TextLine id="r4l39" custom="readingOrder {index:38;}">
                <Coords points="2146,4220 2173,4217 2262,4262 2303,4252 2353,4266 2406,4242 2462,4243 2460,4152 2404,4156 2366,4178 2337,4163 2310,4179 2293,4164 2272,4170 2227,4151 2204,4169 2145,4158"/>
                <Baseline points="2162,4221 2187,4225 2213,4228 2239,4230 2265,4230 2291,4230 2317,4229 2343,4228 2369,4226 2395,4224 2421,4221 2447,4218"/>
                <TextEquiv>
                    <Unicode>Dorst</Unicode>
                </TextEquiv>
            </TextLine>
            <TextEquiv>
                <Unicode>7
1
Nadien den L: Commissaris Lirck de Haes, op
5: deser met de Chaloup de Drack. van Palmbangh
hier geretourneert, desselfs Commissie jnde saecken
vande Compt: aldaer 't na de kortheijt, vande aenbevolen
tijt mettet vernieuwen vant Contract, ent visiteren
van't comptoir als anders tot ons genoegen heeft vol„
braght, ende bij zijn overgeleverde schristuren
genoegssaem, doen blijcken dat 'er om diverse redenen
niet te vergeels, aende vigilantie en goeden ijver
der residenten bevorens is getwijffelt, soo is als nu niet
de te doene nader rescriptie, jn korte dagen, met
het schip 't Elandt Mauritius naer derwaerts
met eenen, om verscheijde emportante consideratien over
de negotie van Palimbangh, ende de hope die d'E: de Haes
bij zijn rapport shynt te geven, van Iaerlijcks aldaer
omtrent 30000: picols, ofte 1500: lasten pepen voor de
Comp: te sullen konnen bemaghtigen; naer deliberatie
geresolveert. wederom expres voor eenigen tijt na
derwaerts te committeren, en ’t opper gelagt aen te bevelen
den Coopmeen, Jan van feene, wesende teen bequaem en
der varen dienaer, soo tot vervolge der jongste visite
van gemelte Commissaris, de Haes als om het comptoir
en Comp:s saecken, en handel aldaer voort jn Eesche
te brengen, en oock principalyck omme met eenen
—
het nieuw gemaeckte contract met den Sulthan
Ratou Coninck van Palimbangh, jn eenige poncten
wat nader te doen verklaren, om voor toekomende
tot meerder gerustheijt tusschen d' E Compte: en
gemelte Coninetk weder tijdts te dienen, t gunt ten
voornaemsten, hier jnne zal bestaen, dat het 9: articul

van gemelte, Contract, jutreguart vanden Sulthan
—
en't vervoeren des pepers werde geamplieert
ende daer bij gestipuleert dat gesegede palmbangse
Dorst</Unicode>
            </TextEquiv>
        </TextRegion>
        <TextRegion orientation="0.0" id="r5" custom="readingOrder {index:4;}">
            <Coords points="2450,59 2450,3119 3071,3119 3071,59"/>
            <TextLine id="r5l1" custom="readingOrder {index:0;}">
                <Coords points="2839,120 2862,120 2895,139 2924,124 2960,150 2995,125 3009,125 3007,31 2992,31 2978,46 2960,47 2948,35 2904,39 2871,16 2857,31 2836,32"/>
                <Baseline points="2852,92 2880,97 2908,98 2936,96 2964,93 2993,92"/>
                <TextEquiv>
                    <Unicode>107</Unicode>
                </TextEquiv>
            </TextLine>
            <TextLine id="r5l2" custom="readingOrder {index:1;}">
                <Coords points="2765,303 2824,301 2843,285 2884,318 2899,320 2918,300 2970,288 2962,179 2923,173 2905,160 2852,172 2830,153 2793,168 2754,165"/>
                <Baseline points="2778,267 2807,275 2836,275 2865,272 2894,268 2923,263 2952,261"/>
                <TextEquiv>
                    <Unicode>107</Unicode>
                </TextEquiv>
            </TextLine>
            <TextLine id="r5l3" custom="readingOrder {index:2;}">
                <Coords points="2475,2544 2596,2515 2666,2562 2755,2520 3043,2550 3084,2529 3084,2373 3002,2379 2972,2408 2925,2388 2822,2470 2743,2488 2652,2447 2607,2470 2519,2420 2475,2441"/>
                <Baseline points="2489,2516 2518,2517 2547,2517 2576,2517 2605,2517 2634,2517 2663,2517 2692,2517 2721,2517 2750,2517 2780,2517 2809,2517 2838,2517 2867,2517 2896,2517 2925,2517 2954,2517 2983,2517 3012,2516 3041,2516 3071,2516"/>
                <TextEquiv>
                    <Unicode>den Coopman Jan Van</Unicode>
                </TextEquiv>
            </TextLine>
            <TextLine id="r5l4" custom="readingOrder {index:3;}">
                <Coords points="2493,2604 2570,2600 2638,2626 2664,2599 2720,2619 2782,2588 2815,2617 2853,2596 3035,2602 3034,2540 2910,2533 2858,2549 2825,2526 2754,2521 2704,2528 2664,2561 2595,2515 2492,2537"/>
                <Baseline points="2507,2585 2532,2586 2558,2586 2584,2586 2609,2586 2635,2588 2661,2588 2686,2588 2712,2588 2738,2588 2764,2588 2789,2588 2815,2588 2841,2586 2866,2586 2892,2585 2918,2583 2943,2582 2969,2580 2995,2578 3021,2574"/>
                <TextEquiv>
                    <Unicode>leek on andermael</Unicode>
                </TextEquiv>
            </TextLine>
            <TextLine id="r5l5" custom="readingOrder {index:4;}">
                <Coords points="2475,2678 2592,2668 2628,2685 2692,2662 2749,2684 2780,2662 2819,2678 2848,2654 2916,2678 2934,2662 3043,2668 3040,2600 3020,2595 2831,2598 2814,2616 2781,2588 2717,2620 2636,2590 2599,2618 2540,2596 2472,2602"/>
                <Baseline points="2490,2658 2516,2658 2543,2658 2570,2658 2597,2658 2624,2657 2651,2657 2677,2656 2704,2655 2731,2654 2758,2652 2785,2652 2812,2651 2839,2649 2865,2648 2892,2646 2919,2646 2946,2645 2973,2643 3000,2643 3027,2643"/>
                <TextEquiv>
                    <Unicode>als Commissaris naer</Unicode>
                </TextEquiv>
            </TextLine>
            <TextLine id="r5l6" custom="readingOrder {index:5;}">
                <Coords points="2474,2739 2536,2726 2613,2749 2724,2720 2763,2746 2797,2719 2839,2741 2895,2729 2894,2658 2849,2653 2817,2677 2785,2657 2761,2681 2690,2662 2567,2676 2505,2665 2473,2680"/>
                <Baseline points="2487,2717 2513,2716 2539,2715 2565,2715 2591,2715 2618,2715 2644,2714 2670,2714 2696,2714 2722,2714 2749,2712 2775,2712 2801,2711 2827,2711 2853,2709 2880,2708"/>
                <TextEquiv>
                    <Unicode>Balembangh: te</Unicode>
                </TextEquiv>
            </TextLine>
            <TextLine id="r5l7" custom="readingOrder {index:6;}">
                <Coords points="2466,2806 2551,2800 2575,2812 2639,2786 2693,2814 2719,2790 2777,2780 2866,2810 2864,2730 2826,2719 2794,2735 2758,2704 2609,2749 2526,2727 2464,2747"/>
                <Baseline points="2480,2780 2506,2778 2533,2777 2559,2775 2586,2774 2612,2773 2639,2772 2666,2771 2692,2771 2719,2771 2745,2769 2772,2769 2798,2769 2825,2770 2852,2771"/>
                <TextEquiv>
                    <Unicode>„ Committeren</Unicode>
                </TextEquiv>
            </TextLine>
            <TextLine id="r5l8" custom="readingOrder {index:7;}">
                <Coords points="2457,2925 2575,2928 2596,2949 2643,2930 2702,2950 2787,2921 3058,2934 3079,2928 3076,2775 2974,2830 2900,2807 2698,2891 2558,2814 2456,2866"/>
                <Baseline points="2471,2915 2500,2916 2530,2916 2559,2918 2589,2918 2619,2918 2648,2916 2678,2916 2707,2916 2737,2915 2767,2915 2796,2914 2826,2913 2855,2912 2885,2912 2915,2910 2944,2910 2974,2909 3003,2908 3033,2907 3063,2907"/>
                <TextEquiv>
                    <Unicode>om’t Comptiirin Effche</Unicode>
                </TextEquiv>
            </TextLine>
            <TextLine id="r5l9" custom="readingOrder {index:8;}">
                <Coords points="2458,2995 2611,2983 2644,3012 2728,2976 2862,2993 3035,2972 3033,2925 2968,2915 2951,2931 2700,2921 2659,2941 2456,2927"/>
                <Baseline points="2472,2979 2499,2979 2526,2979 2554,2978 2581,2978 2609,2978 2636,2976 2664,2976 2691,2975 2719,2973 2746,2973 2773,2972 2801,2971 2828,2969 2856,2968 2883,2967 2911,2966 2938,2965 2966,2964 2993,2963 3021,2963"/>
                <TextEquiv>
                    <Unicode>te brengen, entnieuw</Unicode>
                </TextEquiv>
            </TextLine>
            <TextLine id="r5l10" custom="readingOrder {index:9;}">
                <Coords points="2468,3049 2554,3063 2624,3040 2698,3063 2844,3033 2866,3047 2932,3026 2995,3036 3032,3019 3031,2978 2815,2978 2748,2996 2724,2976 2640,3010 2601,2985 2465,2991"/>
                <Baseline points="2481,3036 2507,3038 2534,3039 2561,3039 2588,3039 2615,3039 2642,3039 2668,3038 2695,3037 2722,3036 2749,3035 2776,3033 2803,3032 2830,3030 2856,3028 2883,3026 2910,3024 2937,3022 2964,3020 2991,3019 3018,3017"/>
                <TextEquiv>
                    <Unicode>Gemaackte Contract</Unicode>
                </TextEquiv>
            </TextLine>
            <TextLine id="r5l11" custom="readingOrder {index:10;}">
                <Coords points="2435,3164 2559,3159 2690,3103 3068,3122 3066,3028 3033,3020 2690,3062 2627,3040 2590,3064 2433,3055"/>
                <Baseline points="2450,3105 2480,3104 2510,3102 2540,3101 2570,3101 2600,3099 2630,3098 2661,3098 2691,3096 2721,3096 2751,3096 2781,3095 2811,3095 2841,3095 2872,3095 2902,3094 2932,3093 2962,3093 2992,3093 3022,3092 3053,3092"/>
                <TextEquiv>
                    <Unicode>Wat nader te Verklaren</Unicode>
                </TextEquiv>
            </TextLine>
            <TextEquiv>
                <Unicode>107
107
den Coopman Jan Van
leek on andermael
als Commissaris naer
Balembangh: te
„ Committeren
om’t Comptiirin Effche
te brengen, entnieuw
Gemaackte Contract
Wat nader te Verklaren</Unicode>
            </TextEquiv>
        </TextRegion>
    </Page>
</PcGts>
