3018 4554
10 2098 76 2227 6
20 17 151 161 64
206 198 371 403 C
47 774 639 937 de geeijschte lijden
104 903 648 1006 door mocha uijt bengale
97 967 651 1063 naer Cheijlon te laaten
109 1024 355 1125 dodoer
80 2074 647 2239 de saak van de 6: belen
98 2209 524 2290 Vermiste zijde in
99 2267 617 2358 bengale aende Laedt
94 2316 627 2406 van Justitie althier te
94 2379 476 2501 Benvoiaken
82 3303 634 3443 He Tinmeden Var
107 3411 643 3498 nieuwes geuen, dit
98 3455 668 3558 advaeref Van Dienais
100 3522 607 3615 in Bengale Sonder
107 3579 642 3679 ordre van hier apjte
116 3647 373 3737 schrijven
2526 162 2774 318 o.
696 431 2864 648 En off wij schoon het her vatten vanden Moehasen
638 607 2826 736 handel nogh met en hebben vastgestelt, soo is eghter
640 730 2792 905 goetgevonden te ordonneren, dat den opgestelden
654 819 2741 1016 eijsch van Lijwaten, ten behoeve van die negotie
653 986 2879 1155 uijt Bengale, tijdigh besorght, ende na Ceijlon
646 1108 2771 1251 getonden zal moeten werden. van waer deselve
642 1203 2909 1394 oock, sullen konnen dienen, tot retour voor 't vader„
645 1338 2767 1496 landt jndien het geviel dat wij moghten komen te
658 1443 2936 1648 resolveren. den gem:te Mochasen handel te stalisn
655 1588 2930 1776 alss zynde dtselve doecken meest alle sorteringen
641 1692 2798 1910 op dewelcke bij verkoop jnt Daderlandt, nogh de
640 1826 2179 1982 meeste winsten worden behaelt.
659 2060 2830 2277 Aengaende nu de 6: baelen zijde, die tot Ouglij
656 2227 2812 2347 werden vermist, en wie de betalinge zal moeten
661 2328 2869 2512 doen, aende geene diese gelevert heeft, alsoo d’E:
658 2430 2888 2587 Comp: daer aen geensins schuldigh en zij, naer een
648 2610 2870 2725 van beijde de Cooplieden David vanden Hemel ofte
639 2705 2955 2835 Jan Pit, die vervolgens de administratie over sComp:
638 2790 2915 2966 packhuijsen hebben gehadt is goetgevonden de saeck
650 2923 2884 3067 te stellen aen't oordeel vanden aghtbaren raadt
653 3037 1896 3187 van Justitie deses Casteels.
642 3185 2914 3386 het timmeren van nieuwe gebouwen jn Bengale
668 3365 2965 3517 souder daer van de nootsaeckljckheijt, aen dese regeringh
661 3441 2863 3635 bekent gemaeckt, ende daer toe ordre verkregen,
651 3603 2939 3738 te hebben. is boet gevonden absoent te verbieden, gelijck
652 3705 2703 3846 mede het verbeteren, ofte axanceren van Comp:s
662 3807 2902 3977 dienaren hoger als tot adsistenten, agster volgens de
650 3919 2879 4090 voordesen gegeven ordre uijttkragste vande welcke
2575 4101 2784 4224 dan
2915 2613 2989 2750 5
