3062 4704
19 32 146 167 22
162 146 371 331 38
37 2011 685 2219 Tag Paelo ne dat
42 2182 700 2266 meerder verseheringh der
54 2247 655 2343 2. gehuerde bodem nogh
36 2306 685 2406 Mi: voor't Vaderlant
72 2375 393 2543 aengeleijt
548 252 2841 628 Dijnsdagh 25: Januarij 1678
647 700 2955 936 Dtwijl het Jagst d:o Andries nogh niet te voorthijn komp.
657 926 2872 1089 en quoordeelt werd. dat de twee jngehuirde schepen
676 1002 2793 1189 Dloemendal. ende Crijjsman, die ten meerendele
672 1150 2835 1359 voor't vaderlands afgeladen leggen, wat te swack
672 1264 2958 1480 sullen zijn om bij ontmoedinge van trante ofte andere
693 1380 2884 1637 capers deselve te konnendafslaen, zijnde het laest gen:t
660 1531 2900 1747 een fluijt, en denvolgende niet seer weerbaer, soo is tot
688 1656 2921 1876 meterden versekeringh van deselve redems, en oock met
691 1791 2763 1956 eenen vande brieven boecken, en andere mportante
684 1892 2904 2136 paperen die gende deeren, onse principalen staen afte
712 2020 2840 2242 gaen, een parigslijck goetgevonden, en verstaen, nogh
707 2159 2892 2364 voor’t Vaderlandt aenterleggen. En te doen afladen
710 2294 2889 2497 het sagst oularim, een sufficanten bodem zijnde
703 2419 2752 2579 ende waer toe wij oock te eenden hebben konnen
709 2563 2961 2713 resolveren, om dat het selve Jagst: hier te lande wel:
694 2662 2796 2828 kan werden gemist en jn't vaderlandt zal konnen
609 2778 2905 2930 dienen tot verminderingh vande kostelijcke, ende de
714 2897 2922 3131 Comp: soo lastige huirschepen., jndien de Heeren onse
729 2989 2968 3214 principalen bij gebreck van eijgen schepen genootreekt
720 3110 2885 3334 en te rade mogste werden haer weder van sodanige
710 3286 1442 3454 te laten bedienen,
679 3367 2740 3631 Batavia Jut Casteel Gatum als boven
2237 3568 2892 3874 Lan goens
2251 3829 2841 4014 Lauvens Pit
2017 4004 2912 4226 P. R. Bortwater
2303 4117 2922 4331 Pate an Hoote
2341 4410 2758 4598 Harihioe
1509 4407 2062 4679 Jan Canplrij
