3132 4732
51 37 227 227 549
261 192 377 322 46
2499 378 2619 505 32:
622 230 2831 685 coitangewken iande zolder onderisees
6 572 661 744 Waer egten den Scho
664 651 2765 809 daerom den Ieko niet worden gesaackt kent die
25 691 482 826 niet te staaken
14 774 656 921 Maer de Troogieringe van
655 791 2817 947 voordaghd; dae hder suijce der selve tegens oormans:
22 897 595 995 Coopmansz in Plaesz
22 952 627 1076 van Contant Voor deselve
653 940 2862 1070 naer de bouvatze wrijsen alsins sooveel doenlijck voor
21 1022 435 1144 te prafereren
643 1051 2664 1251 uijtgeven van Commmen werde geresiteert
652 1229 2848 1395 doetende staet werden gemaeckt eijlen door gaens van
2 1233 639 1424 Heen drngen ven
48 1373 645 1489 Hnoeghsame Malabaers
653 1361 2736 1531 soovede mallabaare peverte voorsien; dader altoos een
31 1443 622 1541 Weger tot Hetour Voor't
29 1513 523 1642 Patria te Voorsien
635 1526 2797 1664 vaderlants Peteur van oment 200. Lasen in var met
636 1639 2791 1812 maghwesen / gelijck dan oock diemael wel een goeden
651 1785 2842 1952 vandien, mitsmen esent daer van hier onvoorsien is nae
2 1781 644 1971 en oork ditmael een goede
20 1919 632 2022 sartij sonder is na persia
643 1892 2766 2093 persia en bouvatte at mogen en moeten werden beseel
31 1990 593 2118 en Souratta te bestellen
582 2045 2799 2235 den uijtdidlaadste die vennderselver verkoo
21 2054 602 2217 En Toven d: de
22 2187 608 2274 uijt Souratta in Contant
16 2251 578 2342 Wederop Mallabaer
638 2220 2704 2412 in Coudanten weder op mael dat salvmgen werden
23 2311 299 2430 tetrecken
639 2342 2881 2527 getrocken, dogh salvoor all op den dntsange derselve, van de
573 2507 2812 2715 suijverheijt aller stof onpuijligheijt, daer bele klagten over
625 2647 1738 2858 sijn, nauw dienen geloten, e
648 2858 2734 3060 En nadien het voor dlootsactielijck wert geagst dat den
15 2912 610 3086 Aage looien voor de
19 3046 628 3161 Van Mdijlan in den
604 2991 2887 3206 Coimpij fagia, voor die van Palicoilan, Inden handel
18 3114 572 3244 Handilt prefereren
572 3127 2798 3352 kie anders de depresereert, en tamormo mede voor
3 3198 598 3341 Ramorimo Voor de Con
361 3310 427 3402 —
13 3299 390 3418 Oock dienstigh
675 3303 2561 3467 Comp: deest dienstigh aengesien, soo saepen
3 3346 639 3548 d Shuijman saldaer
24 3486 649 3595 Van nader addis hebben
688 3476 2791 3654 missai Terisman woipen gelast, ons derwoeden
21 3580 287 3692 te geven
662 3597 2734 3792 van sijne nader ondervindine te dienen, en soo mede
648 3745 2741 3927 op s van Cochias persknde hale
1 3779 628 3931 en ook Ragia bockijms
20 3890 620 4012 Versoek om de halve
12 3899 2946 4105 Chollen in de dnkcheijt thoelen &:o verrigen ontfange in dnbilliche n dievonen;
22 4036 435 4158 mogen affdoe
2571 4076 2830 4217 ende
