3108 4581
54 21 539 185 324. 32
2506 336 2620 476 53:
759 493 2865 724 ode wijdendie de boigervajt op dijl
77 518 588 731 de borger vaert op
87 686 2802 873 af Cgtupr in vantente constiutie des tijs en om te gemejnde
682 818 2777 959 laelijckheijt vandien soower als er dat ntavia Jn
716 934 2720 1121 dael werden amt, b dede bovers daerd
45 906 671 1126 ge ee ten
61 1082 640 1208 landen te benefeeren
668 1091 2791 1265 nee begistigen van handen als oders wae gesapori ve
713 1227 2743 1428 voormee bij dn nogh al sdelijcker wijse Jla
838 1378 1445 1540 rendes aan
608 1524 2960 1700 Maer gelijck wij derels over insestalle ouieommeren
1214 1685 2952 1837 geregteetd gedees van gequalisieeeerde sujoost
65 1677 641 1872 Diaens Gel das
85 1842 2854 1991 geialterde daann hebden deordonneer: soo is ons nodigh geaghe daernnd:
59 1912 641 1992 en Militairen hooffden
61 1979 612 2061 n t Gouvernement van
674 1954 2862 2105 ommerten nspalen) over goudernomen van ei
69 2035 633 2186 suijlen bij ordiratt tijden
662 2092 2924 2256 mede ven zoariger vae vet de beraanten, Waerme
666 2201 2922 2399 alhier geudene wert: dae hebbij ordinarie tijden wel sal
669 2355 1920 2548 de ste een vissen tals door Edrst
51 2329 684 2579 en voor Eerst tot Coloints
1152 2490 1950 2738 op Colombo den
1852 2645 1992 2795 „
665 2630 1328 2853 En gouvernek
747 2746 2966 2937 en Commandaar diebij alsendedes diverdenis de oenlk
1030 2935 2837 3106 moergedienen in de Jussitie er desegen: E. de Hoofd
1018 3011 1928 3162 adminis tne behoopen
702 3090 1409 3274 eenoopman
1373 3122 2830 3317 oper de packhuijsen E: henvaernemen
690 3240 1389 3411 en onderoopman
1362 3301 2853 3413 van de blosotie need gelijcke waatwoordinge
738 3382 1923 3577 het coopman dot Doeckhouder
720 3532 1964 3693 van onderoopingn tot assie
696 3643 1931 3844 Een Boekhouder tot dispencier
636 3740 1971 3932 Een Bockhouder over de ricenten
742 3838 1997 4049 En onder Coopman toesvant/s
725 3971 2058 4174 een Boekhouder dat Eers ter lork
