3132 4732
15 14 254 213 338.
193 201 399 383 338
653 620 2731 838 Matten dongeman bunnen met de berepens
716 722 2821 948 disen  den bier de esijendewas op te geen
631 900 2883 1061 soo is voorderst tot ordres inantwoord naed in al gb: g Esolp:s
739 1061 2687 1285 esaaken te toed pomet tot geschielen dusseienden
7 1075 604 1278 Wegen de Geschillee
18 1232 661 1326 tuskchen den Tammorijn
669 1229 2679 1397 Conilch van Tochim en den samorijn, dandien
-6 1293 640 1410 den Konink van Lochim
5 1370 573 1471 salmen 't Kapport van
664 1353 2731 1507 deegen het nader sapper van den E Commissans
11 1432 667 1574 den EHuijsman afwagten
607 1484 2859 1667 huijsnvan val afboageten /en de Comp: Eohter verbouden
10 1564 634 1737 den Hagia Cochim isna
645 1654 2662 1815 beijst, den bochinen Colink: tegen den Camoiin te
4 1717 632 1817 gten Verbonden tegen den
22 1772 655 1898 Tammorijn te beschirmen
648 1784 2781 1953 besheienen, behallen dat des laastens vehuldschap oock
10 1845 600 1973 Samorijns Vruntschap
16 1948 527 2090 schadelijk bevonden
641 1928 2791 2097 altooe voor de Couw:s schadelijck ij besonden, dogt
641 2053 2739 2230 dat het Eghber voor de Comp: dioustigest gehouden vwrt
12 2087 650 2259 de Comp: moet haer vande
4 2233 611 2329 Bilusten onder de fagias
643 2202 2821 2372 ons soo vel daer vijck van dese den andre bilus dn onder
10 2297 585 2434 op mallabaer ontslaen
644 2338 2903 2540 de fagias aldaer te ontslaek, om anieu bigh daer met
643 2518 2859 2675 Inlaatende, andersinte doofgaen in ontust sal maten
621 2669 2726 2866 lleven, geeck dan mede deminete frequentatie
16 2651 580 2847 de minst frequeritatie
28 2814 559 2898 daeromster met de
-3 2876 581 2993 Rooize Geeftelijckheijt
654 2795 2804 3036 Indrangh, on konniste met de soomze goestelijkheij
21 2936 386 3051 is oock best
664 2968 2784 3176 datt om her voort ompag: staef de grootste gerustheijt
671 3109 2832 3322 sdaet te gepen, en dat woncer gewijlinen altbans
17 3213 660 3404 't Versoge hilvaan Reorend
667 3315 2745 3489 oock niet nagitigh te heevigsorte iecre vansd
13 3359 645 3476 Van 200. Man kanmen
9 3422 546 3545 met derwarts bestullen
633 3446 2071 3641 miliaire derwacrte  pes dle
772 3648 2943 3799 deedeneoemddenlijk
9 3669 658 3843 Lolponlijks Litie te
18 3789 608 3899 over Verkoop van Laatij
17 3776 2859 3971 Cpen door de huijsn  des bligen vorhood van philtie ster doot den dewej
23 3916 504 4075 te laten veroffenen
698 3899 2864 4094 amasans volger op ighielde gedaen; door
2534 4062 2848 4259 denE.
