3024 4669
30 14 278 168 262:
84 185 349 368 268
947 489 2896 783 rijdagt 12:' Augustij 1672
18 911 2949 1059 den onderl oopmanen onderccoopman sagk van vijvenkende saaran
28 1032 670 1143 Saak Jan Vijven et
663 1063 2863 1237 int soldij Comptoir alhier dienst gedaen hebbende
40 1101 670 1195 Hj famielie natpatria
34 1149 397 1301 Verlor
660 1150 2966 1337 en Tegenwoordigh versoeckende omme p: d’aenstondert
687 1301 2920 1478 betourvloot met sijn vrouw. en famijlie naer 't vatnia
674 1400 2940 1586 te mogen vertrecken, is hetselve geaccordeert; dooyle
677 1523 2518 1738 haer beijder verbandt allange zij geexpireert;
632 1690 2990 1943 plaerdemael de fleuijt den Ha enbergh, die wij bij teslutie
670 1876 2746 2073 van den 2:e deses maente naer siam haddeg geprojete
669 1972 2850 2189 tot nogh van bima niet te voorschijn Comt en detijt
20 1953 676 2175 Oen Paeri
12 2126 626 2244 den Hasenbergh naer
677 2111 2823 2340 des saijsoens ou begint ten Eijnde te toopern, boo is
5 2203 467 2364 Stam aengellijk
662 2256 2883 2478 goedgevonden de fleuijt Hoijlandt inplaets van gemelte
665 2420 2938 2648 Bacsenbergh nevens Zouda derwaerts aen te leggen
676 2557 2822 2795 en met die twee bodems, op den gedaenen Eijsch van
672 2697 3039 2936 Contanten tot jnkoop van thin, vellen, olic et. boven
654 2867 2840 3052 hetgene met de voorsightigheijt in april verleden al is
682 3004 3038 3213 voor af geschickt, als nu nogh voor dat Compir afte stelcken
676 3166 3000 3378 vijf en tsestigh duijsent stux Leuwendaelders, ofte kwoonen,
9 3137 646 3358 Nogh 65000. Croonen na
28 3320 575 3491 siam off steeken
684 3321 2853 3532 present hier in voorraet zijnde, sooveelien althans
692 3482 2910 3703 oock bequamelijck kan missen, en waermede dan
9 3563 655 3777 d Srik Leningen daer
691 3629 2949 3848 in alle gevalle de swaere, en suspate Jntrest
25 3741 634 3849 Voor all af te leggen en
19 3783 548 3924 Geen gelden meer
675 3772 2786 3994 tenningen sullen moeten afgeleght, en geen meer
38 3883 284 4015 lighten
689 3934 1772 4159 geeden opgenomen werden
2507 4209 2866 4420 Dewijle
