3086 4557
2837 -8 3071 170 133.
2827 146 3024 332 133
117 426 2352 689 Sendagh 20: aij 1678„—
477 571 2002 800 naer de middagh na dordinarij Parade:
166 1066 2367 1292 ^ tademael op eergisteren het verkiesen van een
171 1247 2374 1407 nieuw president jnt Collegie van schepenen jn
172 1370 2356 1516 plaetse van d'E heer directeur generael Cornelis
166 1484 2400 1658 speelman, (die mits veelvuldige andere occupatien
22 1556 2264 1740 daer toe niet kan vaceren, nogh jn bedenckinge
169 1668 2409 1869 en suspens zij gehouden, soo is jegenwoordigh op ’t voor„
158 1770 2448 1965 dragen vande Heere Gouverneur generael, daer over
160 1903 2267 2039 andermael nader gedelibereert wesende, mits de
161 1953 3096 2167 presente swackheijt van dit Colegie verstaen en dH Crechis generall
2431 2124 3016 2229 Peelman nogh Voor
28 2104 2414 2262 s gearresteert gemelte E: Heere speelman op zijne
2403 2204 2988 2278 eenige maenden. als
2402 2234 3065 2359 President van Schepenen
159 2220 2288 2378 vrijwillige aenbiedinge nogh voor 2 a 3 maenden
2410 2320 2856 2440 gecontinueert
160 2320 2358 2502 als prasident jndat Collegie tot continuatie te
154 2464 2294 2618 versoecken, omme na de verwagtte komste van
145 2540 2408 2719 de Heeren ordiuarij Raaden, Daltsazar Dorts
2411 2497 3101 2695 Toto cinte van dandere
2394 2628 3035 2781 Verwagte Heeren worden
164 2676 2408 2806 WWillem Doeger, en Anthonio hurdt, ten eersten
2398 2719 2660 2837 Ordinarij
162 2775 2414 2964 op zijn E:E: vervangh nader te disponeren, zijnde
74 2913 2398 3009 Nogstans onejntentie dewijl het schepenen Collegie
152 3034 2464 3162 met den E: Isaacq Soolmans, nu oock van een bequaem
177 3145 2462 3293 vice prases, is versorgst dat gemelte heere directeur
160 3229 2470 3391 generael, speelman, daer omme te minder zal behoeven
129 3319 2438 3518 sigh met de rolle en stadhuijs besoignen, te bemoeijen,
119 3454 2313 3637 en dat dese continuatie van zijn EE: voor den tijt
153 3556 2426 3690 maer alleen, ofte principalijck specteert, om het selve
149 3675 2446 3846 schepenen Collegie, bij volkomen respect, en agstbaerh:t
161 3784 2446 3946 te houden, ende sonder geen naem van prasident alleen
97 3861 564 4047 te laten.
2314 3977 2395 4083 2is
160 3957 2397 4193 gelijck dan oock goetgevenden zij de B:r Extraord:
2114 4134 2426 4258 raadde
