3146 4692
67 43 284 221 508.
109 205 322 384 500
27 2053 520 2216 : Tegiese dan
105 2167 538 2276 leijd segbers
37 2211 489 2340 miets Eeled
16 2309 496 2461 selende vm aflege
972 296 2760 815 Va nd dt er 13.
746 771 2679 911 omwijlen dieerze ormasshappen werden genegodieerd
731 825 2662 973 Inberalieneert; bovis als nu in Raade van India
846 923 1265 1061 eene t
1585 885 2865 1091 e deten dn bedamge t oormande
1015 1038 2833 1167 paens als bij draccent van den 12:' augus tj bestleden
780 1147 2849 1279 oosae uijtgedned Cmoedijlenderljck van Eenige hebden.
757 1268 2770 1405 ofte Cneten. de an neete ofte heene nsen
803 1345 2364 1481 danige vre oek medendag ge nadm
872 1455 2719 1604 eelijck te nderdigamet veroident on ndemaanders
761 1569 2652 1702 vanspangren aen de solen enooden daervanom
771 1639 2693 1807 voor aff te waerschonen dp dat n neer bijl voor schaade
749 1767 2698 1915 nagh hoeden, En niemant naemaels dern eenige
761 1828 1986 2022 Tonqpuuie omet reeeeren Eo
1987 2042 2533 2211 neet
675 2164 2717 2316 gestn dor versheijde pagnters van dit loopoind
540 2303 2765 2411 daer bucpistiee ongedent nom mets de plebende blgedie
518 2392 2881 2597 onbepande tijden, als verscheijde vooremaele pccouvemenen
510 2506 2754 2713 eenige afstagt in knnoemeijnde v penningende
522 2685 2768 2821 mogen genieten s geeeijckder dan dommig al bevoreus
599 2838 2876 3038 pleenige maenden silssant tot behalinge oan Eijnde.
607 2937 2460 3157 ees daete sijn vergunt / boois als iu mette
541 3072 2686 3315 Eijndigen des haers, daerop nader gedelideweert
502 3238 2819 3416 het advis van d Heer ontfanger en ligemmees
530 3371 2810 3575 gehoort, en ongenomen zijnde; enparigh gerebocveert
510 3525 2651 3746 eenige derselver, weeckein hunne verzoocken
482 3701 2676 3927 met wedenen gefondeert zijn, Eenlijck nogh voor
2506 3940 2716 4074 des
2780 116 3085 337 Ge
