3097 4640
518 14 571 111 1
2857 -7 3080 154 255
2700 110 2957 306 25„
242 512 2487 768 te bevallen met hoope dat hatr daer door de lust
235 688 2397 837 om weder te komen metter vijf wel talbergaen.
1643 810 1738 942 „
231 814 2488 1030 Ende n de voorschreven vremde en particuciere
245 1024 2540 1160 negotie tott Malacca, nogh aldieper uyt de roeijen
263 1110 2368 1282 s mede goet gevonden, dat goem onse malacq
255 1248 2383 1386 borgens ope ingeseenen, dege andere plaetsen
239 1334 2352 1526 sullen oermogen te bevaeren ofte freaime En
2500 1319 3109 1485 Limitatie van de borge
2484 1443 3104 1537 dae tot Malacca alleen
231 1429 2439 1623 als, dier daer, rondesomme zijn belegen, de weden
2515 1492 3103 1617 op de maleijtze plaetsj es
2497 1559 3062 1672 daer om her gelege
251 1538 2537 1718 Schon Lahangh dssahan Amphar, Diaka Rie- formosa
2529 1643 2891 1730 sonder mer
235 1684 2487 1874 mdar Colangh, queda, Perk. oedjangoalangh: Bangarij.
189 1796 2466 1954 en wijders alleen direct na Batavia, ende de
2477 1818 3110 1995 een met geen ander als
242 1925 2448 2121 met geen andere kleeden, ofte lijwaten, dan die zij
2540 1960 3029 2093 EComp: lijwaaten
218 2028 2578 2192 sullen bewijscehe vande Comp:s te hebben gekogst, blijvende
233 2119 3113 2342 hun voorts den handel op Andrigiij, jambij, palembangh alls: dirdere haert door
2545 2264 2918 2381 hun verboden
219 2250 2545 2472 Danjermallingh en alle andere plaedsen, Jnsonderheijt
206 2390 2405 2575 oock na de t oostcus van Java, ten eenemael
245 2452 724 2614 verboden.
105 2587 2461 2840 Belangende de Nregotie en besettinge voor pera.
209 2750 2376 2942 bewel daer ’t jongste Jaer ƒ 1615 ten agsteren zij
218 2870 2364 3047 geteert. is ceeuwel, of hope van beteris jn
2484 2834 3109 3021 Leas bestinge Vogh
2508 2977 3019 3080 als Voorheen te
214 2931 2962 3187 aenstaende, en tot conservatie vanden Jnsaem des tsins Contmen
216 3083 2629 3256 verstaen, deselve nogh als voorsenen te doen continueren
207 3219 2546 3402 en onse schadelijcke mede competiteurs jndien handel
198 3269 1857 3481 met alle vermogen te verkloecken.
213 3403 2436 3592 dlaer, het gedane voorstel, om de radia pera, bij
2401 3375 3041 3682 Een den den
192 3583 3051 3730 afval off onlusten tegen die van Atchin, te adsisteren von dntten tegen
2371 3701 2915 3833 die van Aetchin te
212 3682 2382 3828 ants daer voor geden thin jn zijn landt vallende
2443 3772 3109 3881 Adsisteren dat Wert Van
215 3800 3109 3976 aen de Comp:e wierde gelevert, dat wert voor een bedenckinge gehouden
206 3919 2515 4101 saacke van gewight en ombragie aengesien, die wel
197 4026 2495 4189 nader ondersoeck zal meriteren, om te onder vinden
2216 4171 2417 4335 off
