<?xml version="1.0" encoding="UTF-8" standalone="yes"?>
<PcGts xmlns="http://schema.primaresearch.org/PAGE/gts/pagecontent/2013-07-15" xmlns:xsi="http://www.w3.org/2001/XMLSchema-instance" xsi:schemaLocation="http://schema.primaresearch.org/PAGE/gts/pagecontent/2013-07-15 http://schema.primaresearch.org/PAGE/gts/pagecontent/2013-07-15/pagecontent.xsd">
    <Metadata>
        <Creator>prov=University of Rostock/Institute of Mathematics/CITlab|PLANET AI GmbH/Gundram Leifert/gundram.leifert@planet-ai.de:name=Dutch Mountains (18th Century)(htr_id=21683)::::v=2.6.6
prov=University of Rostock/Institute of Mathematics/CITlab|PLANET AI GmbH/Tobias Gruening/tobias.gruening@planet-ai.de:name=de.uros.citlab.module.baseline2polygon.B2PSeamMultiOriented:v=2.6.6
prov=University of Rostock/Institute of Mathematics/CITlab|PLANET AI GmbH/Tobias Gruening/tobias.gruening@planet-ai.de:name=/net_tf/LA73_249_0mod360.pb:de.uros.citlab.segmentation.CITlab_LA_ML:v=2.6.6
Transkribus</Creator>
        <Created>2020-09-07T17:36:52.274+07:00</Created>
        <LastChange>2020-09-07T15:49:50.182+02:00</LastChange>
        <TranskribusMetadata docId="471980" pageId="19528251" pageNr="117" tsid="39441071" status="IN_PROGRESS" userId="15017" imgUrl="https://files.transkribus.eu/Get?id=EYFVGVQCOKFZHJWLTGHBNFQA&amp;fileType=view" xmlUrl="https://files.transkribus.eu/Get?id=NPWEWWWETWVUTCQBERJZXLVU" imageId="15088088"/>
    </Metadata>
    <Page imageFilename="ID-ANRI_K66a_890_117.jpg" imageWidth="3165" imageHeight="4577">
        <ReadingOrder>
            <OrderedGroup id="ro_1620456097082" caption="Regions reading order">
                <RegionRefIndexed index="0" regionRef="r1"/>
                <RegionRefIndexed index="1" regionRef="r2"/>
                <RegionRefIndexed index="2" regionRef="r3"/>
            </OrderedGroup>
        </ReadingOrder>
        <TextRegion orientation="0.0" id="r1" custom="readingOrder {index:0;}">
            <Coords points="12,572 12,731 41,731 41,572"/>
            <TextLine id="r1l1" custom="readingOrder {index:0;}">
                <Coords points="5,716 26,710 39,690 63,683 42,613 10,623 1,618 -23,626"/>
                <Baseline points="12,681 41,672"/>
                <TextEquiv>
                    <Unicode>„</Unicode>
                </TextEquiv>
            </TextLine>
            <TextEquiv>
                <Unicode>„</Unicode>
            </TextEquiv>
        </TextRegion>
        <TextRegion orientation="0.0" id="r2" custom="readingOrder {index:1;}">
            <Coords points="38,4334 38,4489 90,4489 90,4334"/>
            <TextLine id="r2l1" custom="readingOrder {index:0;}">
                <Coords points="15,4485 41,4487 50,4499 74,4480 103,4486 115,4366 97,4365 85,4371 71,4362 63,4369 27,4361"/>
                <Baseline points="38,4434 64,4435 90,4439"/>
                <TextEquiv>
                    <Unicode>P</Unicode>
                </TextEquiv>
            </TextLine>
            <TextEquiv>
                <Unicode>P</Unicode>
            </TextEquiv>
        </TextRegion>
        <TextRegion orientation="0.0" id="r3" custom="readingOrder {index:2;}">
            <Coords points="18,95 18,4270 3161,4270 3161,95"/>
            <TextLine id="r3l1" custom="readingOrder {index:0;}">
                <Coords points="2915,168 2955,171 2976,187 3014,172 3072,224 3105,227 3117,63 3053,43 3015,66 2965,40 2924,48"/>
                <Baseline points="2934,146 2960,141 2986,140 3013,142 3039,147 3065,151 3092,153"/>
                <TextEquiv>
                    <Unicode>117.</Unicode>
                </TextEquiv>
            </TextLine>
            <TextLine id="r3l2" custom="readingOrder {index:1;}">
                <Coords points="11,301 67,329 121,201 65,174"/>
                <Baseline points="33,296 57,306"/>
                <TextEquiv>
                    <Unicode>5</Unicode>
                </TextEquiv>
            </TextLine>
            <TextLine id="r3l3" custom="readingOrder {index:2;}">
                <Coords points="2829,379 2858,380 2880,366 2891,373 2909,356 2993,365 3011,358 3029,369 3055,362 3059,187 3004,197 2989,182 2935,170 2898,195 2832,204"/>
                <Baseline points="2850,300 2877,309 2904,314 2931,314 2958,310 2985,308 3012,310 3039,315"/>
                <TextEquiv>
                    <Unicode>17</Unicode>
                </TextEquiv>
            </TextLine>
            <TextLine id="r3l4" custom="readingOrder {index:3;}">
                <Coords points="-2,394 34,403 87,442 131,425 178,442 207,439 214,283 177,288 128,246 61,284 33,260 3,266"/>
                <Baseline points="18,374 47,382 76,386 105,387 134,386 163,385 192,386"/>
                <TextEquiv>
                    <Unicode></Unicode>
                </TextEquiv>
            </TextLine>
            <TextLine id="r3l5" custom="readingOrder {index:4;}">
                <Coords points="94,531 2378,621 2458,462 2168,383 1930,454 1724,373 845,354 391,479 96,429"/>
                <Baseline points="114,485 230,494 346,501 462,509 579,513 695,519 811,522 927,525 1044,528 1160,530 1276,531 1392,533 1509,533 1625,534 1741,536 1857,537 1974,539 2090,541 2206,543 2322,547 2439,551"/>
                <TextEquiv>
                    <Unicode>- Lijnsdagh 24:e Maij 1678. —</Unicode>
                </TextEquiv>
            </TextLine>
            <TextLine id="r3l6" custom="readingOrder {index:5;}">
                <Coords points="155,616 195,617 201,625 215,631 231,622 260,626 267,575 245,572 237,575 224,562 217,561 183,572 161,569"/>
                <Baseline points="173,606 207,609 242,615"/>
                <TextEquiv>
                    <Unicode>2</Unicode>
                </TextEquiv>
            </TextLine>
            <TextLine id="r3l7" custom="readingOrder {index:6;}">
                <Coords points="63,779 100,776 116,765 156,761 162,752 170,758 188,754 172,672 154,675 145,685 101,690 72,673 43,679"/>
                <Baseline points="77,758 107,752 137,746 167,740"/>
                <TextEquiv>
                    <Unicode></Unicode>
                </TextEquiv>
            </TextLine>
            <TextLine id="r3l8" custom="readingOrder {index:7;}">
                <Coords points="238,1000 2880,1081 3102,1060 3106,907 2652,988 2162,876 1718,991 1440,879 240,927"/>
                <Baseline points="258,987 399,992 540,996 681,1000 823,1004 964,1008 1105,1012 1246,1016 1388,1019 1529,1022 1670,1025 1811,1028 1953,1031 2094,1034 2235,1037 2376,1038 2518,1040 2659,1041 2800,1043 2941,1044 3083,1044"/>
                <TextEquiv>
                    <Unicode>Den opperchningijn Willem van Ceijnkom, bij dilantan Eijnkon</Unicode>
                </TextEquiv>
            </TextLine>
            <TextLine id="r3l9" custom="readingOrder {index:8;}">
                <Coords points="2469,1127 2877,1112 2968,1149 2997,1120 3158,1125 3158,1078 3089,1056 2469,1065"/>
                <Baseline points="2486,1107 2518,1107 2551,1107 2584,1107 2616,1107 2649,1107 2682,1107 2714,1107 2747,1107 2780,1107 2813,1107 2845,1107 2878,1107 2911,1107 2943,1107 2976,1109 3009,1110 3041,1111 3074,1112 3107,1113 3140,1116"/>
                <TextEquiv>
                    <Unicode>met zijn Vrouw toegestaen</Unicode>
                </TextEquiv>
            </TextLine>
            <TextLine id="r3l10" custom="readingOrder {index:9;}">
                <Coords points="277,1147 2438,1181 2440,1061 279,1008"/>
                <Baseline points="296,1101 402,1103 508,1106 614,1109 721,1112 827,1113 933,1116 1039,1119 1146,1122 1252,1125 1358,1127 1464,1130 1571,1131 1677,1133 1783,1134 1889,1136 1996,1137 2102,1139 2208,1139 2314,1139 2421,1139"/>
                <TextEquiv>
                    <Unicode>request versoght hebbende, omme nevens zijn Huijs„</Unicode>
                </TextEquiv>
            </TextLine>
            <TextLine id="r3l11" custom="readingOrder {index:10;}">
                <Coords points="2500,1181 2584,1177 2640,1220 2711,1180 2765,1211 2868,1194 2972,1228 3075,1200 3121,1242 3175,1248 3179,1161 3146,1167 3105,1121 2999,1120 2968,1144 2900,1115 2729,1118 2699,1139 2645,1115 2503,1115"/>
                <Baseline points="2517,1166 2549,1167 2581,1169 2613,1169 2645,1170 2678,1172 2710,1172 2742,1173 2774,1175 2806,1176 2839,1178 2871,1179 2903,1181 2935,1182 2967,1184 3000,1185 3032,1187 3064,1190 3096,1193 3128,1194 3161,1197"/>
                <TextEquiv>
                    <Unicode>naet patria te vertucken</Unicode>
                </TextEquiv>
            </TextLine>
            <TextLine id="r3l12" custom="readingOrder {index:11;}">
                <Coords points="277,1214 994,1278 2231,1238 2382,1304 2408,1167 1182,1177 765,1096 698,1157 279,1145"/>
                <Baseline points="296,1197 400,1199 505,1202 609,1206 714,1209 819,1214 923,1218 1028,1222 1132,1226 1237,1230 1342,1234 1446,1238 1551,1241 1655,1244 1760,1245 1865,1247 1969,1248 2074,1248 2178,1247 2283,1245 2388,1242"/>
                <TextEquiv>
                    <Unicode>vrouw, mett de aenstaende retour vloote deses</Unicode>
                </TextEquiv>
            </TextLine>
            <TextLine id="r3l13" custom="readingOrder {index:12;}">
                <Coords points="285,1356 2533,1409 2536,1292 288,1217"/>
                <Baseline points="305,1310 415,1312 526,1314 636,1317 747,1321 858,1324 968,1328 1079,1331 1189,1334 1300,1337 1411,1341 1521,1344 1632,1347 1742,1349 1853,1351 1964,1353 2074,1355 2185,1355 2295,1356 2406,1356 2517,1355"/>
                <TextEquiv>
                    <Unicode>Jaers, jn zijn qualiteijt naer 't vaderlandt te mogen</Unicode>
                </TextEquiv>
            </TextLine>
            <TextLine id="r3l14" custom="readingOrder {index:13;}">
                <Coords points="277,1449 2286,1464 2496,1534 2499,1395 2382,1375 279,1354"/>
                <Baseline points="296,1421 405,1424 514,1428 623,1431 732,1434 842,1437 951,1440 1060,1442 1169,1445 1278,1446 1388,1449 1497,1451 1606,1452 1715,1455 1824,1457 1934,1458 2043,1460 2152,1461 2261,1463 2370,1464 2480,1466"/>
                <TextEquiv>
                    <Unicode>vertrecken, is hem sulcx om redenen, en mits tijts.</Unicode>
                </TextEquiv>
            </TextLine>
            <TextLine id="r3l15" custom="readingOrder {index:14;}">
                <Coords points="268,1571 486,1603 658,1550 698,1584 789,1559 1047,1625 1143,1560 1244,1613 1339,1588 1340,1505 1031,1442 837,1491 509,1498 335,1448 269,1473"/>
                <Baseline points="287,1542 338,1542 390,1543 442,1544 494,1544 546,1544 597,1544 649,1545 701,1545 753,1545 805,1545 856,1545 908,1547 960,1547 1012,1548 1064,1549 1115,1551 1167,1552 1219,1554 1271,1556 1323,1559"/>
                <TextEquiv>
                    <Unicode>experatie geaccordeert.</Unicode>
                </TextEquiv>
            </TextLine>
            <TextLine id="r3l16" custom="readingOrder {index:15;}">
                <Coords points="274,1733 2347,1805 2479,1778 2482,1614 1911,1705 1640,1595 276,1624"/>
                <Baseline points="293,1719 401,1719 509,1721 618,1722 726,1724 835,1726 943,1728 1052,1730 1160,1733 1269,1734 1377,1736 1485,1739 1594,1740 1702,1743 1811,1745 1919,1748 2028,1749 2136,1751 2245,1753 2353,1755 2462,1757"/>
                <TextEquiv>
                    <Unicode>alloo de Hr. Gouverneu Iaques Caulier en raadt</Unicode>
                </TextEquiv>
            </TextLine>
            <TextLine id="r3l17" custom="readingOrder {index:16;}">
                <Coords points="269,1836 1459,1900 1570,1836 2235,1932 2473,1897 2476,1777 271,1734"/>
                <Baseline points="287,1818 395,1818 503,1820 612,1822 720,1824 829,1827 937,1830 1046,1833 1154,1836 1263,1839 1371,1842 1479,1845 1588,1848 1696,1851 1805,1854 1913,1856 2022,1857 2130,1859 2239,1859 2347,1857 2456,1856"/>
                <TextEquiv>
                    <Unicode>tot paleacatta. bij haere jongste brieven, ernstigh —</Unicode>
                </TextEquiv>
            </TextLine>
            <TextLine id="r3l18" custom="readingOrder {index:17;}">
                <Coords points="261,1928 2527,2007 2529,1920 2396,1880 264,1841"/>
                <Baseline points="278,1920 389,1923 501,1926 612,1929 724,1932 836,1934 947,1937 1059,1940 1171,1943 1282,1945 1394,1947 1506,1950 1617,1953 1729,1956 1841,1959 1952,1962 2064,1965 2176,1968 2287,1971 2399,1974 2511,1979"/>
                <TextEquiv>
                    <Unicode>hebben versoght met een bequaem jnlants schoolmeester</Unicode>
                </TextEquiv>
            </TextLine>
            <TextLine id="r3l19" custom="readingOrder {index:18;}">
                <Coords points="256,2031 2485,2123 2542,2033 2391,1963 1824,2018 258,1936"/>
                <Baseline points="275,2027 387,2028 499,2031 612,2033 724,2036 837,2037 949,2040 1061,2042 1174,2045 1286,2048 1399,2051 1511,2054 1623,2057 1736,2060 1848,2063 1961,2067 2073,2071 2185,2074 2298,2079 2410,2083 2523,2088"/>
                <TextEquiv>
                    <Unicode>tot stightinge der gemeente aldaer te mogen werden,</Unicode>
                </TextEquiv>
            </TextLine>
            <TextLine id="r3l20" custom="readingOrder {index:19;}">
                <Coords points="197,2161 215,2161 237,2143 262,2140 262,2023 241,2023 230,2012 215,2019 197,2019"/>
                <Baseline points="216,2127 246,2127"/>
                <TextEquiv>
                    <Unicode>6</Unicode>
                </TextEquiv>
            </TextLine>
            <TextLine id="r3l21" custom="readingOrder {index:20;}">
                <Coords points="268,2136 2491,2202 2493,2114 2195,2081 1443,2125 1255,2054 812,2106 271,2038"/>
                <Baseline points="287,2132 396,2134 505,2138 615,2141 724,2143 833,2147 943,2150 1052,2152 1161,2155 1271,2157 1380,2160 1489,2163 1599,2166 1708,2168 1817,2171 1927,2174 2036,2175 2145,2178 2255,2181 2364,2183 2474,2186"/>
                <TextEquiv>
                    <Unicode>bedient, soo is op 't voordragen van d'eerwaerde</Unicode>
                </TextEquiv>
            </TextLine>
            <TextLine id="r3l22" custom="readingOrder {index:21;}">
                <Coords points="256,2259 2461,2319 2514,2225 418,2204 259,2135"/>
                <Baseline points="275,2241 385,2246 496,2251 607,2255 718,2259 829,2262 940,2267 1051,2270 1162,2272 1273,2274 1384,2277 1494,2279 1605,2282 1716,2283 1827,2285 1938,2286 2049,2288 2160,2289 2271,2291 2382,2291 2493,2292"/>
                <TextEquiv>
                    <Unicode>kerckenraadt, en op eijgen versoeck verstaen, van</Unicode>
                </TextEquiv>
            </TextLine>
            <TextLine id="r3l23" custom="readingOrder {index:22;}">
                <Coords points="261,2356 2271,2454 3026,2442 3123,2327 2749,2243 1741,2342 262,2261"/>
                <Baseline points="278,2343 419,2349 560,2356 701,2361 843,2367 984,2372 1125,2377 1267,2382 1408,2385 1549,2390 1691,2393 1832,2396 1973,2397 2114,2399 2256,2399 2397,2399 2538,2399 2680,2397 2821,2395 2962,2393 3104,2388"/>
                <TextEquiv>
                    <Unicode>hier derwaerts te zenden, den jnlantsen Leermeester Coningo femandes</Unicode>
                </TextEquiv>
            </TextLine>
            <TextLine id="r3l24" custom="readingOrder {index:23;}">
                <Coords points="2481,2466 2666,2493 2707,2472 2732,2499 2820,2477 3137,2483 3139,2433 3082,2412 3030,2439 2972,2414 2924,2438 2867,2406 2728,2419 2645,2382 2586,2416 2484,2415"/>
                <Baseline points="2501,2451 2533,2453 2566,2454 2598,2456 2631,2458 2663,2460 2696,2461 2729,2463 2761,2465 2794,2466 2826,2469 2859,2470 2891,2471 2924,2472 2957,2474 2989,2474 3022,2475 3054,2475 3087,2475 3120,2475"/>
                <TextEquiv>
                    <Unicode>als lands leermeeskt</Unicode>
                </TextEquiv>
            </TextLine>
            <TextLine id="r3l25" custom="readingOrder {index:24;}">
                <Coords points="186,2500 3138,2564 3137,2483 2362,2417 455,2424 192,2314"/>
                <Baseline points="204,2450 349,2456 495,2462 641,2466 787,2471 932,2474 1078,2477 1224,2480 1370,2483 1515,2486 1661,2489 1807,2492 1953,2495 2098,2499 2244,2504 2390,2508 2536,2516 2681,2522 2827,2531 2973,2540 3119,2552"/>
                <TextEquiv>
                    <Unicode>domingo fen nandue, zijnde een man van goede getuijg, aer Cormandel te sonden</Unicode>
                </TextEquiv>
            </TextLine>
            <TextLine id="r3l26" custom="readingOrder {index:25;}">
                <Coords points="253,2603 2500,2680 2544,2550 256,2483"/>
                <Baseline points="273,2555 385,2562 498,2569 610,2574 723,2580 836,2584 948,2588 1061,2592 1173,2594 1286,2597 1399,2600 1511,2601 1624,2603 1736,2606 1849,2607 1962,2610 2074,2613 2187,2616 2299,2619 2412,2624 2525,2628"/>
                <TextEquiv>
                    <Unicode>nisse. pl zijn leven en wandel, met zijn jegenwoordige</Unicode>
                </TextEquiv>
            </TextLine>
            <TextLine id="r3l27" custom="readingOrder {index:26;}">
                <Coords points="246,2689 1702,2769 1783,2753 1787,2644 1051,2600 853,2645 608,2570 544,2623 469,2577 249,2602"/>
                <Baseline points="266,2667 340,2672 415,2675 490,2679 565,2682 640,2685 715,2688 790,2691 865,2694 940,2697 1015,2699 1089,2702 1164,2703 1239,2706 1314,2708 1389,2711 1464,2712 1539,2715 1614,2717 1689,2719 1764,2721"/>
                <TextEquiv>
                    <Unicode>trattement van 6 rp:n ter maent.</Unicode>
                </TextEquiv>
            </TextLine>
            <TextLine id="r3l28" custom="readingOrder {index:27;}">
                <Coords points="139,2890 1764,2952 1852,2884 1964,2963 2431,2947 2466,2838 142,2723"/>
                <Baseline points="159,2856 273,2860 387,2864 502,2867 616,2870 731,2873 845,2874 960,2877 1074,2879 1189,2880 1303,2883 1417,2885 1532,2886 1646,2888 1761,2891 1875,2892 1990,2895 2104,2898 2219,2901 2333,2904 2448,2909"/>
                <TextEquiv>
                    <Unicode>dewijle de schepen Cabellauw, schelpisch, Janskercke</Unicode>
                </TextEquiv>
            </TextLine>
            <TextLine id="r3l29" custom="readingOrder {index:28;}">
                <Coords points="242,2984 2373,3084 3070,3052 3130,2948 244,2893"/>
                <Baseline points="260,2963 402,2966 545,2969 687,2972 830,2975 972,2978 1115,2981 1257,2984 1400,2987 1542,2990 1685,2993 1827,2996 1970,2999 2112,3002 2255,3005 2397,3009 2540,3012 2682,3017 2825,3021 2967,3026 3110,3032"/>
                <TextEquiv>
                    <Unicode>en Chaloup de Nleptuuus, voor sumatrae Bestcust deschepen nde Wistrust</Unicode>
                </TextEquiv>
            </TextLine>
            <TextLine id="r3l30" custom="readingOrder {index:29;}">
                <Coords points="2465,3126 2543,3093 2641,3111 2718,3092 2783,3121 2824,3097 2881,3117 2933,3097 2986,3151 3129,3120 3132,3043 3111,3039 2822,3046 2470,3013"/>
                <Baseline points="2486,3072 2517,3075 2548,3077 2580,3079 2611,3081 2642,3083 2674,3083 2705,3084 2736,3086 2768,3086 2799,3087 2830,3088 2862,3089 2893,3090 2924,3092 2956,3093 2987,3094 3018,3095 3050,3097 3081,3100 3113,3102"/>
                <TextEquiv>
                    <Unicode>o overmrg en afscheijt</Unicode>
                </TextEquiv>
            </TextLine>
            <TextLine id="r3l31" custom="readingOrder {index:30;}">
                <Coords points="244,3083 2433,3158 2436,3045 245,3024"/>
                <Baseline points="263,3065 370,3066 478,3068 585,3069 693,3071 801,3074 908,3077 1016,3080 1123,3083 1231,3086 1339,3089 1446,3092 1554,3095 1661,3097 1769,3099 1877,3102 1984,3104 2092,3105 2199,3105 2307,3107 2415,3107"/>
                <TextEquiv>
                    <Unicode>althans meest voekomen afgeladen, en gereet zijn</Unicode>
                </TextEquiv>
            </TextLine>
            <TextLine id="r3l32" custom="readingOrder {index:31;}">
                <Coords points="2497,3182 2533,3183 2558,3202 2640,3165 2682,3204 2792,3193 2796,3095 2748,3104 2726,3092 2694,3095 2678,3109 2643,3093 2624,3106 2500,3098"/>
                <Baseline points="2516,3135 2541,3138 2567,3141 2593,3141 2619,3143 2645,3143 2671,3143 2697,3144 2723,3145 2749,3146 2775,3149"/>
                <TextEquiv>
                    <Unicode>te gevbel</Unicode>
                </TextEquiv>
            </TextLine>
            <TextLine id="r3l33" custom="readingOrder {index:32;}">
                <Coords points="255,3186 2431,3237 2381,3138 257,3091"/>
                <Baseline points="272,3167 379,3168 486,3170 593,3173 700,3174 807,3177 914,3179 1021,3182 1128,3183 1235,3186 1342,3188 1449,3190 1556,3192 1663,3194 1770,3194 1877,3195 1984,3195 2091,3195 2198,3195 2305,3195 2412,3194"/>
                <TextEquiv>
                    <Unicode>leggende 1s goetgevonden, deselve op overmorgen</Unicode>
                </TextEquiv>
            </TextLine>
            <TextLine id="r3l34" custom="readingOrder {index:33;}">
                <Coords points="249,3305 2381,3363 2383,3239 2227,3210 251,3188"/>
                <Baseline points="269,3266 373,3270 478,3273 583,3277 688,3279 792,3282 897,3285 1002,3287 1107,3289 1211,3291 1316,3293 1421,3295 1526,3297 1630,3299 1735,3300 1840,3302 1945,3304 2049,3306 2154,3308 2259,3311 2364,3312"/>
                <TextEquiv>
                    <Unicode>hun afgeheijt en depescse derwaerts te geven.</Unicode>
                </TextEquiv>
            </TextLine>
            <TextLine id="r3l35" custom="readingOrder {index:34;}">
                <Coords points="234,3447 2511,3516 2513,3411 2278,3329 1967,3392 1436,3322 236,3366"/>
                <Baseline points="251,3431 363,3437 475,3442 587,3446 699,3450 812,3453 924,3456 1036,3459 1148,3462 1260,3464 1373,3465 1485,3467 1597,3468 1709,3470 1821,3471 1934,3474 2046,3476 2158,3477 2270,3480 2382,3483 2495,3486"/>
                <TextEquiv>
                    <Unicode>tesproken zijnde vande beseidinge te doen na Iapan</Unicode>
                </TextEquiv>
            </TextLine>
            <TextLine id="r3l36" custom="readingOrder {index:35;}">
                <Coords points="226,3558 1403,3619 1520,3563 1785,3644 2395,3592 2396,3534 2013,3538 1949,3475 1565,3534 228,3471"/>
                <Baseline points="246,3536 352,3541 459,3545 565,3549 672,3552 778,3555 885,3557 991,3559 1098,3561 1204,3563 1311,3564 1417,3566 1524,3566 1630,3567 1737,3569 1843,3570 1950,3572 2056,3573 2163,3575 2269,3578 2376,3579"/>
                <TextEquiv>
                    <Unicode>soo is voor eerst geresoeveert, als bij resoentie van</Unicode>
                </TextEquiv>
            </TextLine>
            <TextLine id="r3l37" custom="readingOrder {index:36;}">
                <Coords points="236,3676 2507,3717 2447,3584 1801,3644 1529,3569 239,3556"/>
                <Baseline points="255,3647 366,3648 478,3651 590,3653 702,3654 813,3656 925,3659 1037,3660 1149,3663 1260,3665 1372,3668 1484,3669 1596,3672 1707,3675 1819,3677 1931,3680 2043,3683 2154,3686 2266,3688 2378,3691 2490,3693"/>
                <TextEquiv>
                    <Unicode>4: maert passado al eenigsints staat uijtgedruckt</Unicode>
                </TextEquiv>
            </TextLine>
            <TextLine id="r3l38" custom="readingOrder {index:37;}">
                <Coords points="2468,3802 2485,3795 2491,3781 2512,3773 2485,3702 2468,3708 2458,3704 2434,3713"/>
                <Baseline points="2477,3776 2493,3770"/>
                <TextEquiv>
                    <Unicode>d</Unicode>
                </TextEquiv>
            </TextLine>
            <TextLine id="r3l39" custom="readingOrder {index:38;}">
                <Coords points="2492,3788 2940,3788 3114,3828 3120,3679 3045,3643 3004,3660 2914,3634 2826,3648 2773,3686 2686,3679 2614,3643 2496,3693"/>
                <Baseline points="2510,3770 2539,3771 2568,3771 2597,3773 2627,3773 2656,3774 2685,3774 2714,3776 2744,3776 2773,3777 2802,3778 2831,3779 2861,3780 2890,3782 2919,3783 2948,3784 2978,3787 3007,3788 3036,3791 3065,3794 3095,3798"/>
                <TextEquiv>
                    <Unicode>E: buet de saas Woeder„</Unicode>
                </TextEquiv>
            </TextLine>
            <TextLine id="r3l40" custom="readingOrder {index:39;}">
                <Coords points="229,3771 2416,3805 2596,3884 3065,3818 1939,3676 232,3673"/>
                <Baseline points="248,3759 387,3762 527,3765 667,3768 807,3770 947,3771 1086,3774 1226,3776 1366,3779 1506,3780 1646,3783 1785,3788 1925,3791 2065,3796 2205,3803 2345,3810 2484,3818 2624,3827 2764,3838 2904,3851 3044,3864"/>
                <TextEquiv>
                    <Unicode>den oppercoopman d’E dirck de Baes, desen Iaere tot, om tot opperhooft van</Unicode>
                </TextEquiv>
            </TextLine>
            <TextLine id="r3l41" custom="readingOrder {index:40;}">
                <Coords points="242,3916 1780,3890 2312,3961 2447,3941 2449,3832 243,3806"/>
                <Baseline points="260,3864 368,3869 476,3872 585,3875 693,3876 802,3878 910,3878 1019,3879 1127,3879 1236,3879 1344,3881 1452,3881 1561,3882 1669,3883 1778,3885 1886,3888 1995,3891 2103,3896 2212,3902 2320,3909 2429,3917"/>
                <TextEquiv>
                    <Unicode>vervangh van den E: Albert Drevinck weder als</Unicode>
                </TextEquiv>
            </TextLine>
            <TextLine id="r3l42" custom="readingOrder {index:41;}">
                <Coords points="2459,3987 2587,3986 2685,3945 2747,3981 2798,3984 2962,3938 2961,3862 2822,3878 2797,3852 2720,3879 2651,3861 2589,3884 2519,3841 2458,3845"/>
                <Baseline points="2477,3905 2502,3909 2528,3911 2554,3912 2580,3914 2606,3914 2632,3914 2658,3914 2684,3913 2710,3912 2735,3911 2761,3910 2787,3909 2813,3908 2839,3908 2865,3908 2891,3906 2917,3908 2943,3908"/>
                <TextEquiv>
                    <Unicode>Japan geeligeert</Unicode>
                </TextEquiv>
            </TextLine>
            <TextLine id="r3l43" custom="readingOrder {index:42;}">
                <Coords points="241,3984 2467,4073 2470,3927 2352,3983 1683,3890 243,3914"/>
                <Baseline points="260,3960 369,3967 479,3973 588,3977 698,3981 807,3983 917,3986 1026,3987 1136,3989 1245,3990 1355,3992 1464,3993 1574,3995 1683,3996 1793,3999 1902,4002 2012,4005 2121,4010 2231,4015 2340,4022 2450,4029"/>
                <TextEquiv>
                    <Unicode>opperhooft, andermael derwaerts te gebruijcken, als</Unicode>
                </TextEquiv>
            </TextLine>
            <TextLine id="r3l44" custom="readingOrder {index:43;}">
                <Coords points="225,4102 1997,4112 2127,4180 2449,4121 2450,4062 1846,3999 227,4011"/>
                <Baseline points="245,4065 354,4071 463,4077 572,4082 681,4085 791,4088 900,4091 1009,4093 1118,4095 1227,4097 1337,4098 1446,4100 1555,4101 1664,4103 1773,4104 1883,4106 1992,4107 2101,4109 2210,4112 2319,4115 2429,4118"/>
                <TextEquiv>
                    <Unicode>hebbende ons jongst aldaer, en nu oock laest jn zijne</Unicode>
                </TextEquiv>
            </TextLine>
            <TextLine id="r3l45" custom="readingOrder {index:44;}">
                <Coords points="2031,4260 2265,4292 2301,4280 2353,4301 2385,4268 2403,4285 2446,4255 2515,4247 2513,4119 2418,4136 2372,4169 2306,4174 2259,4201 2193,4180 2150,4189 2087,4153 2029,4165"/>
                <Baseline points="2049,4245 2075,4245 2101,4247 2127,4247 2154,4247 2180,4247 2206,4248 2233,4248 2259,4247 2285,4247 2311,4247 2338,4245 2364,4245 2390,4243 2417,4241 2443,4239 2469,4237 2496,4235"/>
                <TextEquiv>
                    <Unicode>Commissie</Unicode>
                </TextEquiv>
            </TextLine>
            <TextEquiv>
                <Unicode>117.
5
17

- Lijnsdagh 24:e Maij 1678. —
2

Den opperchningijn Willem van Ceijnkom, bij dilantan Eijnkon
met zijn Vrouw toegestaen
request versoght hebbende, omme nevens zijn Huijs„
naet patria te vertucken
vrouw, mett de aenstaende retour vloote deses
Jaers, jn zijn qualiteijt naer 't vaderlandt te mogen
vertrecken, is hem sulcx om redenen, en mits tijts.
experatie geaccordeert.
alloo de Hr. Gouverneu Iaques Caulier en raadt
tot paleacatta. bij haere jongste brieven, ernstigh —
hebben versoght met een bequaem jnlants schoolmeester
tot stightinge der gemeente aldaer te mogen werden,
6
bedient, soo is op 't voordragen van d'eerwaerde
kerckenraadt, en op eijgen versoeck verstaen, van
hier derwaerts te zenden, den jnlantsen Leermeester Coningo femandes
als lands leermeeskt
domingo fen nandue, zijnde een man van goede getuijg, aer Cormandel te sonden
nisse. pl zijn leven en wandel, met zijn jegenwoordige
trattement van 6 rp:n ter maent.
dewijle de schepen Cabellauw, schelpisch, Janskercke
en Chaloup de Nleptuuus, voor sumatrae Bestcust deschepen nde Wistrust
o overmrg en afscheijt
althans meest voekomen afgeladen, en gereet zijn
te gevbel
leggende 1s goetgevonden, deselve op overmorgen
hun afgeheijt en depescse derwaerts te geven.
tesproken zijnde vande beseidinge te doen na Iapan
soo is voor eerst geresoeveert, als bij resoentie van
4: maert passado al eenigsints staat uijtgedruckt
d
E: buet de saas Woeder„
den oppercoopman d’E dirck de Baes, desen Iaere tot, om tot opperhooft van
vervangh van den E: Albert Drevinck weder als
Japan geeligeert
opperhooft, andermael derwaerts te gebruijcken, als
hebbende ons jongst aldaer, en nu oock laest jn zijne
Commissie</Unicode>
            </TextEquiv>
        </TextRegion>
    </Page>
</PcGts>
