3030 4572
9 -12 137 155 50
593 416 2807 614 een Commissaris na Palimbangs te zenden ende
50 499 550 682 D eg nde de
590 588 2986 770 gevolgelijck goetgevonden daer toe te gebruijcken
58 648 540 734 E Dirk de Hael, als
60 707 596 832 Commissaris derwaerts
59 770 319 868 te senden
577 708 2692 904 den 6ppercoopman Dirck de Baes, jongst geweest
580 842 2968 1003 pperhooft over ’s Comp:s negotie jn Japan, ende bevorens
591 951 2877 1143 oock tot Jambij, een man zijnde van goede ervarentheijt
585 1089 2777 1283 ende die met de hier omtrent gelegene volckeren
594 1205 2994 1393 weet om te gaen, ende aen wien dan last, en commissie
575 1395 2980 1528 zal werden gegeven, om het Comptoir aldaer behoorlijck
46 1386 557 1545 en deven de zilke van
64 1517 594 1596 dat Comptoir d H: generan
603 1507 2895 1642 te visiteren, den Pangiran bekent te maecken het over„
70 1573 485 1659 Z: doot bekentd
71 1632 270 1706 maeken
255 1645 300 1719 e
588 1619 2557 1746 lijden van den Ed: Heer Gouvern: generael
593 1743 2922 1950 Joan Maetsuvelg. B: L: WE: mitsgaders zijn Hoogh:
602 1855 2942 2022 uijt den naem vanden jegenwoordigen E: Heer Gouvern:r
602 1981 2883 2172 Generael te begroeten, maer wel voornamentlijck om
606 2103 2875 2279 met denselven Pangirangh te handelen over het voorn:
68 2129 601 2274 en met dien brnijck
73 2239 605 2353 't Contract Van Ao. 1662
604 2275 2947 2390 Contract, A:o 1662: door zijne gesanten, alhier op bataviae,
67 2304 412 2417 te vernieuwen
608 2330 2848 2540 gemaeckt, ende waer jn Anno 1663. den 7:e uart
603 2471 2844 2636 op het versoeck van gemelte zijn Hoogheijt eenige ver„
496 2592 2839 2775 anderingh is /gemaeckt blijckende bij missive als toen
607 2710 2882 2896 aen hem afgegaen, zijnde souse meeninge om denselven
594 2831 2783 3033 Pangran te benemen, alle ridenen; en oorsaeck van
599 2972 2856 3146 met de Engellen jn handel te treden, ende tot dien
603 3087 2769 3266 eijnde het meer tgemelte contract te vernieuwen, te
599 3224 2862 3401 bevestigen ende ons jnt geheel daer aen te houden, mits„
607 3348 2870 3545 gadsers, door dat middel aen ons te verbinden, alle de
70 3388 505 3606 Jemali de de
619 3503 2765 3659 peper die het landt aldaer uijtgeeft, en die wel voor
86 3573 583 3659 vallende peper aende
86 3629 568 3744 Comp. te derbinden
635 3584 2700 3777 een grootdeel jn handen van andere tlatien mogste
617 3716 2694 3876 komen te vervallen, jndien wij bleven continueren
641 3831 2732 3951 deselve tot boven gemelte lagen prijs aen te nemen
641 3937 2785 4119 oftse jnte kopen. Ende dewijl den boven gem:te _o
2598 4048 2845 4196 Dirck
2962 1590 3045 1709 5
