3140 4610
29 18 200 207 102
56 209 265 396 102
37 1776 668 1951 de haf in Listen te den
61 1904 629 2011 ljmrike zoone van
86 1980 592 2063 Consock Verder aen de
37 2040 620 2162 Heeren boedelmesteren
69 2102 504 2215 bevolen te laten
613 353 2818 545 ende de gemeene verbeteringen na d ordre vande
636 522 2628 643 Comp:s te laten voortgaen. tot Corporaels, en
615 585 2860 766 quartier meesters jncluijs, op dat alsoo de vergaderingh
617 706 2772 862 ende de Hr: Gouverneur generael, wat meerder tijt
630 855 2721 966 mogen overigs hebben, omme jn Compt: Importante
620 886 3007 1049 saecken, te bepigneren. en hunne gedaghten en meditatien
629 1045 2343 1201 daer over sekienelijck te laten gaen.
627 1126 2922 1293 den Hinces Lmkiko zoone vanden overleden Consock.
2716 1325 2778 1378 —
624 1263 2736 1437 wederom, een request jngedient hebbende over zijn
632 1358 2770 1538 vaders fidei Commissaire gemaeckte Erffenisse
620 1468 2873 1595 en het onderhout dat hij der wegen vermeijnt te
622 1582 2860 1720 pretenderen, ende daer op gesien het antwoort, en
628 1663 2828 1786 beright daar Heeren Doedelmeesteren, daer op ende
649 1779 2800 1949 Tegens gedaen soo is die saeck nader overwogen
639 1896 2922 2071 zijnde verstaen dat gemelte boedelmeesteren, voorts
644 1992 2924 2130 daer jne na bevindinge van saecken, sullen hebben.
632 2138 2882 2272 te handelen, jnmanieren als deselve bij onse resolutie
638 2222 2988 2346 van den 14e: maij des voorle den Jaers zijn geautsoriseert
633 2320 1265 2474 gewerden. &:o
711 2544 2932 2783 Batavia in't Casteel datum ais Voren
2218 2784 2900 2981 van goens
2258 3113 2912 3288 Van Blmari
2627 3253 2845 3438 so
2070 3406 3073 3641 W: Van Puthoar
2202 3623 3053 3846 Sananphuijs
2454 4158 2546 4257 b
