3066 4486
32 4229 124 4379 4
124 4358 198 4433 „
285 -30 413 248 1
999 92 1802 462 Norenden
6 385 2549 584 „. 25. 8d berkrevossehieren over de 4. Compagnien, Afo 328. militeren nu merd: E:
2523 487 2901 670 17463.
559 527 1778 675 meejoor na Javas oostlutt tegaen.
2577 610 2894 757 „
325 639 2232 844 mits hej ophoifden der Hetrlloot tot Januarj - - - - - - - p
375 753 2629 940 ps ves Iaen ’t gdeis Jalliet de suobser teen 16: â Po. degemb: boraffoverde
3 758 251 939 —
2461 848 2676 986 - „
594 845 2272 1007 Casp, na't vderlam tesenden - - - - - - - - - - - - . -
325 946 2898 1125 om d' P=m m:r adris van Haaren 1 ladt alhier tegeve - - - - - - - - - - . - „ 450
2667 1041 2738 1146 —
306 1046 2682 1255 Hopd om ondertusscen tijdinge uijt Iapan, en t sma te krijgen - - - - - - - - - - - „
62 1151 2913 1367 28: d:o op detijdinge van’t secooeren van tamnadagage door de Cintrmmers . . . . . . . ƒ 455:
346 1253 2742 1482 is vers ien de popijecker de optogt van Capt:n Paitbnet den vaerts te be eken . . „ —
2623 1382 2757 1507 1.
349 1419 2230 1580 om dat wij ons daer met nu niet verder kan jnlaten - - - - - -
308 1483 2930 1684 Maer ons Volck op doedoegoddou off vanjongpor te doenft souden - . - - - - - „ —
336 1627 2714 1786 an het Wot daer te leggen, onmten spedigsten tebande wede herwarts sehepen
315 1746 2649 1901 den  d Javaenehoffden mede tebengen, om hun vooons
645 1854 1179 1988 te verthoonen
1438 1830 2539 2088 v dn  den 36
319 1916 1123 2084 dienende oock altj’t schrige
2650 1960 2945 2097 „
665 2035 975 2180 te sedende
351 2070 2512 2264 en bij de passen onser bovenlanden voor de bantamners te beschennen  d=
356 2182 2658 2388 bij ge te affhanste derbantamindeis in selingshij sal Cap:t Bartsiick hun
543 2328 2199 2468 daertoj mogen gaen sooken, en des ngelijck tenieren
370 2385 2595 2543 en de te gesalle belins inde voorsigtighe ’t heijden, en hun mde eenigh: Loeken
2727 2421 2968 2593 456.
2658 2512 2729 2602 1
680 2519 1183 2658 t beshencken.
234 2557 2619 2750 de worst balijers den optogt na Samadangh sonder hap: Hartsinck vrllede
685 2694 2617 2867 ondernnen, sullen Wel 25. â 30. onser amboinesen mogen werden
2626 2746 2727 2915 „
1208 2817 1285 2923 „
678 2823 1138 2979 bijgeboeghn
391 2870 2596 3058 ’t holk van Cap:s Bartsinck over Canjangpoura van de nodige ptotibien te
2680 2997 2747 3102 1
697 3050 989 3174 N1601
2680 3081 2743 3208 „
280 3089 2559 3297 — en de sieken van daer te tigge herwaerts te ontbieden - . - . . - .
302 3190 2651 3410 1 5or: Bantrinck sal op hievertreck de pagher tot Lansougpoute met 65. —
2654 3300 2749 3426 „
546 3321 2038 3472 lederlanders, en 40. Inlanders beset laat:
377 3402 2647 3553 ten onderstaen off die pagger door behulp det Javanen niet bequemenik souw
2654 3452 2757 3624 „
704 3572 1548 3707 konnen werden verguoot.
402 3620 2480 3786 den Coopman Jacob Couper Commandient oor de uijtsoeinge voor
690 3723 2586 3926 Indermaije & getd tot Cethoorman met 100. gb singents
2666 3714 2748 3859 1
420 3846 2487 3990 Desongies oser de saeken van’t Compooir Palembangh, en van Jambij
435 3868 2590 4091 den Coopman egbert van snane geeligeert tot bevende in tecommissie
652 4004 2627 4195 van d’Ednlden Palembang, en in daer dan poort als op behooft
660 4168 1080 4326 te tesideren
261 3464 334 3597 —
2759 3663 2845 3802 4
2742 4035 2876 4194 g
2826 3653 2958 3798 57
