3100 4667
25 2087 169 2229 e
10 369 100 461 5
211 475 2536 649 sekere kleene heffinge die selfs de kleene off arinsteLantseren
210 624 2490 742 niet zal konnen beswaeren nogh verxeelen, teschatten
198 708 2360 872 waer uijt niet alleen soude konnen vervallen een fons
201 828 2446 947 tot bequaminge vande onderhantse wegh, aende oost zijde
188 917 2497 1065 maer toetselfs van een evengelijcke aende west zijde
65 1015 2412 1144 der riviere, en daer en boven alle ver eijschte bruggen
203 1115 2312 1227 ende d’onder soudinge van deselve jnsgelycks vande
179 1218 2462 1377 wegen tot groot nut, en accommodatie vande gansche
202 1322 2291 1481 gemeente, die buijten twijffel soo willigh als onder
134 1411 2517 1556 danigs zal wesen, om sodanigen schattinge sonder het alder
200 1517 2394 1676 minste tegenspreecken, op te brengen, ende te voldoen
191 1627 2468 1782 tot welckers besorginge heeren schepenen, bij desen aend Ed:e
218 1729 2445 1830 Hoge regeringie van Indic, jnt gemeijn, ende aen zijn Ed:le:t
210 1826 2431 1939 den Heere gouverneur generael jn't bysonder haeren oot
211 1918 2388 2012 moedigen dienst presenteren, ’t zij dat hun Ed:s Hoogh aghtb:
230 1994 2489 2154 selfsde opgemelte schattinge geliefde te beramen, off wel
232 2102 2318 2235 hun eer waerde het project vandien, nader aente
215 2208 2404 2342 bevelen, ende de administratie van sodanigen fons toe te
228 2298 2478 2404 vertrouwen, jn welcken geval dan van nu aen, aen temant
236 2376 2310 2534 daer toe te stellen, ten eersten soo veel geet wekelijcks soude
2360 2410 2452 2515 —
220 2464 2450 2603 konnen gefourneert worden als tot betalinge vande arbeijts
219 2547 2537 2734 luijden, die daer toe van noden sullen wesen, komt te vereijsschen
2185 2688 2229 2829 .
326 2689 2397 2892 ende dewyle oock met eenen de gedaghten gegaen zijn
2440 2823 2524 2910 de
203 2840 2518 2957 over de Hooghuddige en prijslijcke ordre door hun Ed: gerenov:
223 2918 2491 3066 ende op nieus jterative gegeven. ten eijnde dat alle de geene
177 2972 2330 3119 die met die sammerljcke, ende Elendige sieckte van
221 3104 2460 3247 Lazarije, besnet en besoght sijn; die godt betert zedert
236 3212 2504 3346 eenige weijnige Jaeren seer is toegenomen: t'enemael uijt de
219 3302 2450 3423 stadt te weren, ende voor die arme beklaeghlijcke menschen
138 3390 2447 3525 „ buijsen destadt, een bequame gelegentheijt te ordonneren
231 3455 2516 3634 soo heeft dit Collegie nu met eenen de vrijmoedigheijt genomen
231 3594 2491 3715 om ins gelycks door den Ed:e heer president zyn Ed:e d Ed:e
223 3673 2356 3836 heer Gouverneur generael ende d Ed:s Heeren Raaden
242 3758 2540 3940 van India ten gemeyne goede; Eerbiddighlijck, en onderdanigh
252 3872 2467 4029 voor te dragen, off hun Ed:s mede geen behagen soude
238 3982 2438 4074 konnen nemen, de commoditejten voor die ongeluckige
225 4084 2326 4219 en misen able menshen te verplaetsen, op ’t Eylandt jnde
2097 4239 2350 4337 mont
2879 7 3115 183 129.
2826 170 3038 352 129
