3021 4563
8 -16 207 172 190.
61 204 271 370 190
575 437 2807 629 op prm deser p:r ’t schip Coeperden van daer overgekomen
578 600 2821 731 zij, blijvende het stellen van een ander p:l Hooft tot tora
34 568 583 735 Aem die van bacherus
15 689 579 810 aen d' Heer Parve &
592 730 2870 841 Jnstede vanden Coopman Dackerus, aen den He: Direct.
17 758 370 889 te defereren
573 782 2759 964 Sijbrand Abbema, ofte den nieuwen Commissaris d' E:
541 902 2336 1069 daniel perve, gedefereert, en aenbevolen.
522 1079 2855 1279 Nogh heeft den E: fiscael Leeman, heden jn raade doen=
585 1222 2834 1403 overleveren, een tweede geschrift, berakende den onder
1 1144 568 1438 V ee e de e
575 1379 2688 1479 coopman steven Schorer, dewelcke op suspitie van
28 1404 493 1498 fiscael Peeman
19 1454 574 1551 tegen den ondercoopm:
594 1462 2827 1613 eenige particulieren handel, en arrogante actien, door de
9 1525 517 1620 schorer over zijn
23 1585 577 1695 gedoente in Bengale
559 1555 2833 1722 G:r directeur volgen en Raadt, jongst uijt Bengale
34 1655 553 1772 geen actie te se
585 1701 2916 1833 opgesonden, en op prmo februarij laestleden p:r ’t schip goetbegin
567 1789 2705 1925 hier aengekomen zij, en tegens den welcken gemelte
664 1920 2714 2048 E: fiscael verklaert, na Examnatie der stucken
575 2026 2797 2146 geen fondament te vinden, om eenige actie op te jnstitueren
571 2138 2796 2288 ’t welck gelesen wesende is goetgevonden de heerein Ex:s
15 2183 580 2356 d Hiereramphuijs. n
583 2236 2856 2376 raaden Joan Camphuijs, en Jacob Jorisz: pits, te committeren
12 2300 555 2398 Zisz diesaak nogh
17 2372 526 2463 eens nader te doen
579 2371 2837 2483 omme die zaeck van gem:te schorer nogh eens nader te willen
12 2426 365 2538 Resumeren
590 2476 2942 2602 resumeren, ende als dan daer van aen dese vergaderingh rapport
498 2563 885 2702 te doen.
2847 2638 3031 2762 de
10 2657 531 2818 den onder coopman
563 2654 2991 2867 zijnde oock om diverse goede redenen ten dienste vande Comp:
24 2788 539 2885 Gasper Van Collen
584 2788 2887 2963 nodigh geaght den ondercoopman, en presenten fiscael jn
14 2848 556 2952 uijtbeugale te laten
32 2913 535 3031 Herwarts Comen
519 2920 2971 3077 Dengalen Jasper van Collen, van daer te verplaetsen en
582 3033 2785 3151 met eerste gelegentheijt te laten herwaerts komen.
21 3202 67 3308 C
590 3166 2848 3383 Alsoo den Coopman Pieter de Cock, jnden jaere 1675: uijt
34 3212 585 3366 den Copman Lieter
4 3337 546 3446 de Bek zijn gagiek
588 3312 2740 3453 Amboma, is verlost, en hier verschenen, omme vorder
25 3399 595 3528 latin afschrijven van
21 3469 558 3600 Ulto auge ao. Paso
597 3431 2921 3607 na 't vaderlandt te retourneren, ende hij zedert dien tyt
599 3544 2955 3713 tot nogh is overgebleven, sonder Emploij, off dienst te doen
2799 3713 2896 3828 —
616 3683 2804 3815 Js althans verstaen, om de Comp:e daer van te ontlasten
567 3769 2722 3950 desselfs gagie te laten afschrijven, van Ult:o Augusto
611 3891 2893 4076 voorleden Jaers, ende hem alsoo voort jn vrijdom te stellen
593 4005 786 4149 &.
2461 4159 2822 4306 Wijders
902 4361 981 4455 e
