3160 4668
2705 -85 2863 86 5
15 -5 269 166 364.
2749 158 3038 334 ƒ.
175 196 378 343 36
472 423 2084 648 den adcadis: edende den Eelen
-1 640 2946 810 en dat hej hiegeln en willen gelooven door sijn maij zordre soude sijn geschie
-5 724 399 816 sulx door ordrs
419 731 542 879 z
-9 789 461 931 zijn maij: geschied
493 741 2788 966 naer wel door Iuductie en toedoen van sijn qualdaerdige
501 812 2994 1089 greden, as heboende op het aen schrijven van ousen d:L
521 997 2867 1241 1 Laaff de dato 3p: aug=o uit gem: onger Coi
501 1136 2786 1371 naame volgens desselfs eygenbetuijginge vast gestelt
519 1318 2844 1528 ongenist gewerkt, dat de saaken tusschendus en bantm
511 1509 2837 1648 wederomt Eonemael in goedvert Land sonden en daer
490 1608 2688 1782 op doenmaels ende beselngen van voor panianookan
492 1768 2733 1922 en oeders weder ingetdocken/ zoo als buccx bij voorsz:
495 1886 2822 2155 nisside Pier onder gesuiet naerder stnle intgeduie
7 2062 495 2205 tunt hin alles
502 2040 2747 2306 en tgund alles door den desigent Laaff negene de
-2 2183 566 2280 evens d’ overleveringe
0 2246 518 2348 van den brieff door de
0 2276 2688 2443 Resontbaast overleveringe vandien oock mondelinge den ouden
-7 2367 542 2483 ndeling sal vornde
-8 2447 367 2557 Voar gehouden
471 2376 2555 2599 vjse uijt onsen naeme sal voorgehouden werden
496 2521 2709 2766 En omme ontten de Bantamners kom de gaen
509 2728 2770 2894 boo bal aenden Jongen bieldharin die bigh too nogh aen ons
506 2839 2703 3032 sodr genegen en van het voelen sijnes vaders indwperck
498 2982 2805 3174 om deese Cmmers uijtelijck nafheerigh gedroont Beist
-8 3090 496 3296 de ngeseleken tot
515 3129 2752 3332 oock een Copie des iets vanden ouden bulohan soo wel
5 3251 480 3354 bandam mede een
-7 3307 475 3418 Copie van de brieff
510 3316 2824 3479 nde duijte als maldijdze taale werden gesejctd, me een
1 3374 494 3483 aen sijn Vader toete
-13 3448 215 3557 sinden
509 3436 2852 3644 geleijd berektje daerievense al mede tot nader verklaringe
-7 3468 477 3633 aln de esdaat
2 3585 486 3682 verklaringe van ons
-5 3653 459 3789 drugelijk bedrijft
502 3614 2790 3839 en bevestiginge van ons deugedelijck bedeijf) als net
479 3765 2167 4002 de volgende subspantie breeder is de sijn
2466 3930 2862 4224 13
