3158 4714
56 22 276 167 138.
226 29 356 315 8.
1572 360 1669 496 E
661 402 2770 581 Doonsdagh — . Iunij 1638„
1116 551 2237 751 Extraord:s Vergaderingh.
1717 767 2428 930 s bij resolutie vanden 24:e
614 821 2785 1000 Alsoo den E: Martrnus Casar jongstleden is verkoren
600 944 2906 1109 omme als Commandeur, en Commissaris te gaen na de
605 1062 2706 1220 Cust van China, soo heeft zijn E: verloght daer
610 1162 2855 1300 benevens met een condique gagie te mogen werden
618 1272 2910 1415 vereert, winnende althans nogh maer 100 guldens.
609 1376 2879 1485 ter maent, waer op na deliberatie verstaen is, deli
31 1372 632 1555 d’ E: WartimsCasin
644 1471 2903 1610 elven mits ruijme tijts expiratie jn voorschreve qualit:t
42 1514 638 1616 Als abzoluit Command
33 1579 3009 1712 Itgeleijt 150. ge sm:s van absolut Commandeur toe te leggen, een tractement
34 1660 424 1766 door 3. Jaer
621 1698 3031 1845 van hondert en vijfftigh guldens ter maent: van heden
613 1802 2435 1911 aff onder verbandt van nogh drie Jaeren.
618 1887 2829 2068 den Jongen Sulthan van Bantam, bij ’t schrijven
610 2028 2891 2157 van onsen resident Caaff, hebbende doen versoecken
38 2064 576 2233 de Versg Pas Voor
621 2142 2782 2262 om met een passe voor een chinese Ionck, van daer
41 2207 593 2303 den Jongen sulthan
621 2229 2836 2373 na Japan: te mogen werden geaccomodeert. Is goet
38 2272 608 2369 van bantam Voor een
46 2338 576 2442 Jonknaer Japara
622 2332 2911 2468 gevonden, deselve op de beleeffste wijse afteslaen, en
67 2397 575 2528 Gerxciseert (on
603 2420 2929 2573 te exculeren, als strijdigh tegens d’ordre der Heeren
620 2547 2875 2669 maijores), ende de practiquen die omtrent onse eijge jnge„
607 2654 2902 2805 setenen wert geobserveert, onder vordere ernstige.
2701 2774 2884 2853 —
610 2734 2722 2872 aenmaninge, dat zij die besendinge oock sonder onse
609 2840 2384 3027 passen niet en willen laten ondernemen.
571 3038 2867 3240 Batavia in't Casteel datiem als boven
2292 3240 2913 3450 van geets
2241 3226 3042 3640 e
2172 3736 3121 3942 A Jan  oord
2158 3762 2262 3893 1
2270 3900 3095 4154 Joanlamphuijs
2339 4429 2555 4595 Een
