3132 4624
2903 -13 3061 152 25.
2783 163 2964 342 d
291 328 2398 592 V jdagh 4: februarij 1678„—
580 802 2512 1018 heet zijnde op onen voorraet van peper ende
238 983 2486 1132 dat wyj al een goede quantiteijt, tot vervolgh vande
2495 1038 3055 1247 en de sohihij de
258 1104 2485 1287 jnlandsen, en Pecialijck den HHinesen handel zullen
2450 1205 3038 1317 Pepers, en dat men die
247 1245 2406 1393 van noden hebben, soo is goetgevonden, en perstaen
2454 1279 3030 1390 Hier ook Wel nodigh
2472 1345 3095 1455 Heeft, Soo balis Janne
146 1337 2449 1542 daer van me het Jaat oulo-van, wat minder man
2448 1413 3008 1503 met Poelovan naet
236 1467 3070 1615 het Daderlandt te zenden, ende jnplaetse van dien Varderlant te sinden
244 1609 2463 1774 in het selve te doen afschepen 800: baelen Caneel
246 1697 2380 1847 waer mede het oock seer light geladen, en jn dese
2410 1698 3024 1891 dat de schipen ookte
2470 1842 3043 1993 defentiver sal maken
235 1793 2437 1991 tijt te bequamen zal zijn tot den oorcogh, en om sigh
233 1927 2524 2081 selven ende de andere schepen te defenderen, sullende
235 2045 2476 2218 oock met deselve Caneel, den Eusch uijt het vader„
251 2184 2408 2393 land, eenlijck maer wat ruijmer voldaen werden
237 2322 2467 2496 daer onder begrepen de 4105: baelen, met det jongst
236 2434 2326 2594 vertrocken retour schepen. van hier,ende d
244 2565 2193 2722 3000: balen van Seijlon derwaerts gesonden,
209 2710 2477 2891 sedert eenigen tijt bevonden, en aengemerckt zijnde
243 2853 2477 3050 dat de Ingesetenen; soo binnen als buijten dese stadt
254 2973 2291 3138 wat meer twerck beginnen te maecken vanden
225 3096 2522 3250 hand-bouw en haer tot dien sijnde rondomme dese stadt
249 3223 2338 3427 vrij verrekomen uijt te breijden, mitsgaders veele
227 3335 3071 3566 ^anderijen, te beslaen, soo heeft de vegaderingt nu toe veerder voortselken
2502 3429 3087 3588 vanden lantbouw L=
234 3481 2510 3668 eenige dagen geleden in bedencken genomen, off het tot
252 3621 2429 3750 voortettinge van dit goede werck ende om op aule
250 3714 2490 3890 de vereijschte ordre te houden, niet nodigh en dienstigh
2445 3748 3119 3961 Pder me tange e
229 3830 2367 4006 soude zijn het Ampt van Land-drost, te verdebe
2473 3900 3108 4023 Candoost Van Batavia
2469 3979 3036 4084 veder z: Brzoonen te
253 4013 2465 4166 aen twee besondere personen, waer van d’ eene zijn
2475 4030 2784 4182 verdeelen
2070 4085 2487 4284 Innisoutie
