3104 4580
33 23 170 178 68
2235 63 2469 244 1.
2506 142 2726 313 .
101 186 270 391 6
796 338 2824 683 Lijnsdagh 22:e Mart:o 1678
632 1018 2749 1185 Den watt beter kennisse te krijgen vande Landen
643 1174 2710 1337 gehorende onder ’s Comp:s gebet, ende de Surisdictie
660 1296 2793 1450 van Jaccatra. is goetgevonden, en verstaen dat den
53 1342 638 1510 Cap: Fredrik muller
617 1426 3024 1567 Capitain fredrick Hendrick Wuller den Daendrager.
71 1472 593 1566 it pemg= zoedaten
78 1532 525 1618 en Javanen tot
504 1511 2928 1684 Willem de Ruijter, benevens nogh eenige nederlantser
86 1594 659 1687 Ontdeckinge derlanden
84 1657 2756 1820 naer ber na mambeismilitairen, en parthije onser Iavanen, een Land-toght
79 1706 340 1828 te senden
660 1723 2693 1917 sullen doen na ’t zuijden; tot aen ofte jn het geberghte
648 1818 2889 2029 na den plaetse genaemt Maraberes, om ons op haere weder„
639 1959 2855 2103 komste te dienen, van behoorlijck rapport, ende oft aldaer
55 1945 633 2110 en bock te sien off de
83 2086 576 2176 bantamze Javaaken
650 2081 2743 2251 niet gepasseert en zjn de Bantanse savanen, die
73 2128 655 2229 daer zijn gepasseert tegen
72 2198 629 2318 dit van Tammadangh
640 2204 2739 2330 volgens het schrijven van ’s Comp:s residenten, aldaer
2711 2235 2866 2354 _o
632 2281 2878 2475 door den Culthan, souden zijn afgesonden, om te beoorto„
635 2421 2871 2576 gen, ende onder Iaere negeringe te doen buijgen den
586 2499 2819 2656 Gouverneur van Sammadangh, die wij op zijn versoeck
626 2601 2889 2827 en betuijgingh van zijnen wettigen Heer den Soussouhou„
629 2768 2946 2945 nangs getrouw te willen blijven, al eenigen tijt verleden
616 2838 2396 3035 onse hulpe en beschermingh hebben toegeseght.
700 2995 2884 3240 Ende nadien ons mede van Bantam is geadviseert
515 3150 631 3254 3
564 3111 2864 3307 dat aldaer jn volle gereet zeijt lagen, een getal van 1163:
604 3242 2848 3450 dorlogs vaertuijgen, om tegen onse besettingh voor pamae„
612 3368 2838 3524 noekan, ende de daer omtrent gelegene plaetsen jn te
602 3473 2749 3636 breecken, ende met haer oorlogs volck te vallen jnde
72 3528 594 3692 ’t schip tw: van der gouv
623 3554 2826 3768 landen van voornoemde Sammadangh, soo is mede ver„
30 3654 562 3744 nogh tot Verste kinge
5 3695 571 3796 (onder besiltent han
607 3683 2829 3870 staen met het schip ’t wapen van ter gouw, als nu tot
54 3754 629 3866 Pamanochan af te sonder
611 3795 2747 3967 vertreck gereet geworden zijnde te laten afgaen
2743 3883 2842 3966 —
44 3849 2723 4066 Vn Slden someer den schipper Cornelis swart, om onse voornoemde.
28 3968 518 4068 Sburt tott Crifi
54 4034 571 4149 aldaer te laten, mede
609 4023 2858 4175 besettingh aldaer te visiteren, op ’t een en 't ander de nodige
63 4103 272 4210 gaen
2513 4144 2797 4300 ordre
2941 3051 3027 3216 1:
2994 417 3119 552 1
