3030 4663
32 39 176 174 276
121 170 376 340 270
39 862 564 1057 Vealing onder
34 1018 668 1158 dube qualemheijt Vand Iagt
102 1078 387 1213 Batavia
21 3703 539 3882 en daer om Goet gesondn
21 3849 615 3960 't selve aff teleggen ende
84 3912 357 4041 verhoopen
2388 360 2485 475 3j
1497 632 1914 814 neld
2394 611 2812 806 da van
1859 779 2796 945 Tensindel ondequaem
780 922 2896 1069 vanden en gondelei o Eeign diend rur
701 1055 2921 1207 te daij oe wenige onkerden van epautie waerdighd
766 1206 2945 1375 desen; als uijt de onderstaende ditkearinge destoegen
695 1329 2133 1525 overgesevert; onder mageblijcken
840 1468 2973 1645 r geerdere ter opdre van den Eds Rije Potan Goens
679 1634 2940 1798 gouverneeur generael geconeet en gcommeeerd omt haerd
684 1734 2762 1903 btavia de visideren en besightigen. een zijnde of 'teselve goe: gen
693 1819 2910 1942 benhaen soude megen zijn, omme pereaueerd te werden, en eeenigen
693 1929 2901 2083 diense voorComp: oekonnen doen, sebve achtevorgens ordre
680 2009 2799 2225 nawokeingelijck gedaen hebbende, doen tapport dat voors: Jnch„t
652 2118 2962 2272 kosten  epantie of te Langen dienste door d'E Comp. toenemael
688 2263 2723 2384 ongaerdigh en onlequaem is wese de meeste biecken vn bed
697 2358 2866 2527 afgeod: en doorgaens vergaen zijn, fangende aende hebben vande
651 2421 2712 2567 kuids, en zonden voet loop die doordgewierde in groote kruijsen
677 2560 2883 2710 en bogten neergeboon hanged; nieb Jnsoten wegenlancken
689 2682 2544 2853 vertot on op verscheijde vlaeken afgevallen soodanige dat
693 2779 2875 2925 senberck, byckers enwouts, bloets chen, de seevens zo.
678 2863 2911 3054 sonde sondament te bractt) de buijden buijt, d’ soude soud Een
668 3041 3010 3176 saende wnt, naer advenang, en alles afgevaaren wehekijnsdde,
671 3105 2895 3303 Coordeelende derhalven voors: sach tot geene saecken dienstigh, als
671 3219 2906 3346 voor en sleet aende wal gehael de worden onders cont
674 3339 2795 3533 Batavia adij w:o augustij 10 en was getecckent Jacob Geus
661 3456 2610 3631 Jan Coerto Harman Todewijze meijndert Druijs, a
671 3550 1579 3732 baas toetwijch: sijn merck
633 3703 2836 3938 Waer op dan goetgevonden zij dat afgevasten Jagh
680 3870 2917 4070 aen de wal te haalen ten naer onsackelinge aen de
682 4009 2173 4188 meestbiedende te doen verkoopen &=a
2640 4200 2916 4388 enE
