2999 4776
23 71 111 221 4
121 184 218 390 4
2765 288 2828 423 o
630 398 2871 592 die reete al began zynde bij ons nniet en sullen konnen
606 563 1980 766 geleden ofte gedooght worden.
650 723 2836 922 En om den bovengem:t pangeran van Sammadangs
643 865 2845 1038 te ammmelen tot volstandige getrouwheijt aen den sou„
608 1000 2843 1192 sousounangs zijnen heer ende d' E Comp:s soo is goetge
636 1111 2851 1328 vonden, een briefen, aen denselven te schrijven, ende
50 1130 612 1327 den borger vert
53 1290 630 1387 Jan Siltan Criefie
633 1267 2824 1441 daer mede ofte zenden den Borgert evert Iansz:
49 1359 623 1465 tet Aenmaning van
47 1423 580 1535 eduig genparige
567 1360 2838 1550 n een persoon die door langs gecontinueerden handel
29 1498 562 1584 Van Lamaadangh
38 1561 467 1684 af te sonden
610 1508 2717 1716 Op de oostcust van Java bij den selven Pangiran
619 1672 2912 1810 bekent en oock benunt is, en op wien de Bantamners,
622 1786 2791 1957 soo hij eenige moght komen te ontmoeten wel de
630 1907 2712 2068 minste agster doght, ofte suspitie, sullen hebben
27 2071 567 2279 dehrijs mackt da
552 2084 2886 2314 s. mede goetgevonden de kryghemaght den 24: xber
63 2222 587 2334 amapoure afde
30 2292 630 2393 den met Jogh Pl.
654 2240 2867 2436 jongstleden vast gestelt na Canjongh poura, aftezenden
40 2326 640 2466 en alboo tot 100 Than
641 2413 2667 2572 nogh te verstercken met 80: koppen, namentlijck
34 2426 613 2542 saamen de Versterken
636 2509 2819 2662 20: Vlederlanders en 1:0: Inlanders. sullende deselve
630 2624 2345 2828 gevolgelijck bestaen uijt 156. militaire
670 2763 2799 2961 n plaets vanden overleden schipper Claas Dlock.
70 2807 622 3007 Schije Com: det i
1 2926 546 3072 Ein staets van Claes
654 2950 2664 3082 is goetgevonden op de fluijt de Lantman, te stellen
25 3024 632 3143 Hlock Z: op de lantman
626 3059 2867 3200 schipper Cornelis de wit: althans bescheijden op de sluijt
652 3173 2706 3303 Duijnviut en weder op deselvesluijt den schipper
-1 3151 619 3342 n anGearies de der
52 3305 447 3441 Of duyn vlist
640 3316 2823 3458 Jan Gravins hebberde al een geruijmen tijt buijten
637 3420 1679 3613 actneel emploij gewerst;
653 3576 2788 3744 Batavia im't Casteel ratrm als Voren.
2162 3790 2738 3995 Jan geens
1986 3975 2700 4152 anvent Pit
1896 4098 2904 4312 p. A. dertwater
1453 4492 1943 4694 V Jan elin
2294 4536 2710 4713 Eevinoen
