3148 4653
680 465 1065 660 don
2196 471 2691 681 naan
463 598 2376 804 Jacob van dijck weder weden genegen js op t oldeyhoos te
867 714 2430 875 den beetondrlen Endiede bn iddeet
444 822 2592 985 toegangeofte getoon Hadde bjoienbuijge r ege bij rbeesaek
572 967 2625 1099 boetsondeien baalenader hewatioo de selven: dwelk
533 1053 2667 1224 sennge is geweeste sorgelideen van padioon bnd beloinagong
521 1156 2661 1328 wasrop wij niet ander onsdnen beooen w da de kejd verdigen
480 1271 2517 1423 bodt de boesemenschn die daer oorse vin bijdries ongeas
522 1378 2443 1537 d ballanten, blijvenda Wogt onse geneodidheijn oderere
513 1470 2603 1664 devanderlijk, Enhoerive wij aric Beoen deogen van 'tafloopn
502 1625 2627 1776 andeen onsen boige handelviertuijden alnt vermoordeVa heojllen
453 1717 1854 1876 en de heeie van Jnttriassen: : dnt ens
1493 1848 2603 2021 de is woepekerke sdoedieen
430 1934 2599 2143 Vatig plagata met anigt week uijt de aem dens biserattergon
458 2054 2567 2220 beghmeet der hadde gemakkt van tengedorn Boorende onder
465 2194 2548 2328 Jndermaijd, deeijgende voors al desek te vercomderdiehnde
474 2291 2512 2462 meemede veden onderserpen/ boo dellen wij daertaoor
458 2401 2600 2582 alsuijh heebes de gevoden toedan en tove decooren dat srabtenden
503 2515 2539 2692 ande vas huijden de tulx heeen den ij der anistidesbchiet
452 2649 2603 2823 buijde Honnus de van paducca buijsndaanngemaes ons berundig
449 2774 2559 2920 te maekan aen nperkeert, en ontejdnadigh oooddel: konnende
448 2888 2418 3044 van eln genenes derst met derwagteen dat hij bersdende
486 2990 2493 3147 bebedeee met daeder demetan bijn wban overger
449 3096 2526 3317 besen onselenn die van het veglt resoatigls meder bonde
450 3220 1191 3393 den benes delan
453 3295 2538 3562 desen te es gebonden oronsen bjldeng Van taaf
424 3454 2473 3616 om door den selven aen padricca bijn bulokan agongeolet handist
425 3552 2472 3745 tewende nee dabaek dat ons dietop meede est de gebegense
414 3657 1354 3859 rantwooor drage toeomen
2119 4004 2516 4145 Henden
2852 227 3072 388 267
