3157 4670
2895 -8 3133 192 338.
2820 183 3007 376 37
1480 402 3124 672 desee fo in den Lhnenre
690 425 1195 670 me
2634 591 3103 686 baaken daar van de
2637 654 3083 742 doen hoden door
302 632 3143 791 me gelijke vorantwoordinge nnvons den baasijnboldelijk netgijk
2642 783 3063 869 vrantsondinge
303 766 3031 978 ndrehouden, om die alle 8. maanden met de optiese sjnendle
596 890 1628 1079 esees eonsonte ven
472 988 3085 1274 ijee den agttaren soede van Duititie deseek abseels vn de sukkene
2735 1191 3093 1354 En en ijten
315 1221 2662 1381 voghiste metnoeomende mannen var eijsertbag
289 1344 2538 1520 eche vitdmsverstaen tot manen
279 1502 3113 1661 hing in deede wederomme de assimeen de oercoge ijnde welehijne
2626 1577 3124 1668 daniel van den belck en
2583 1637 3157 1746 Patobus de Ghaijn nogh
375 1586 2514 1848 amiee vanden Deock een Pacobns de veijn, deijde
2584 1699 3172 1821 is Permaneentes Ceeten
2596 1769 3052 1912 in der bellagie geel
2890 1822 3003 1899 36
281 1757 2599 2006 apposdenannen van dowijschte apaet en der
304 1994 2602 2166 goede getuigenis de gelijck ton die Justicierie Junei
281 2113 1629 2279 nodigh komen de aijs desen
283 2267 2543 2480 desen medens bockensderden vaergekomen en gedeett
294 2441 2672 2599 wedende op de vaonmesincten van woede oppercoopman
290 2578 2380 2804 deses castels, en disitaour meicil en Indishe
291 2741 2503 2914 Vegatie boeken; n is omme deselve plaesen deder
737 2898 2473 3103 eluijden de sieuijt de minis ders
292 2935 621 3108 ag
280 3050 2525 3251 dic herbesent aande Bant sijn, en daar toe kunnen
275 3213 2362 3387 dienst aengelden hebben, naer werlen vansaaken
2599 3225 3119 3457 de e
2588 3423 3119 3529 Tweede bjpecoopman
282 3348 2505 3591 gensolveert een operkoopman dicolais dukes
2587 3496 2955 3644 deses Custeels
299 3533 2498 3736 dgonwoordigh grootallier te vligeren tot tweede
255 3716 2560 3903 erkoormen eses tgewils welcke bedien inge zedend
273 3789 2596 4069 de zicosite van Doer onstantin d Cobel
