3030 4663
93 -4 308 141 280:
175 128 415 293 280
633 398 975 777 iediren
1557 547 2007 816 1 ael
2444 494 2904 822 een
661 740 2709 944 bij soude vermogen, den beeven tot zijne desentie de
83 860 563 1063 Enbook selff dan
688 895 2911 1145 adsis tern„ dool anderhils hem met dlleen afaadijg
70 1026 665 1123 Pangaan Tammadangs
71 1092 666 1251 sulx aff te saaden nd
670 1062 2968 1296 maer oock mij onsen naeuw perbieden, de Coorilondere
47 1160 348 1276 Verbieen
687 1180 2851 1461 fandere gengien, ende geonnen eenige moles te
665 1345 2929 1598 ofte offentie aente doen, ttn dat wij derwegen van deles
636 1553 2752 1748 beterkennisse van saacken sillen hebben e komen
672 1698 2995 1988 ijders is goeberende het schip den Bider Jegenen siige
58 1721 529 1925 ’t schip den biell
55 1902 2825 2125 aengelegt vorcheijsen uijt heb vaderlande inde straet zunda verchenen, nooh
42 1956 421 2072 en Mallabaer
646 2035 2865 2226 aent leggen naerheijlen, en malladaer; omme neven
38 2095 656 2249 om hevens 't schip Cheijlon
48 2222 608 2314 Van daer naet Batria
590 2160 2823 2359 het schip Ceijlon, op 2:r de ser derwaerts geproiecteert
55 2281 291 2423 te gaen
651 2337 2920 2570 desen Jaere wijders van daer tet tesoutbodenis naert
628 2469 1438 2649 patria de dieken
635 2680 2773 2929 gesprooken wesende vanden opeick der borgerhijte
647 2844 2978 3039 schutterije deser seede, welcke om bedenenie ordien oh
640 3011 2921 3221 geagtt werd te laaten geschieden pen waertoe dee nne
629 3168 2896 3389 Jaerlijxe gewoonte al is verstreken; pewel sulcx a:o pass=o
14 3327 643 3473 den Optreck der nderland
626 3331 2895 3541 bij eenige Indervallen is op geschort gebleven; boois —
30 3441 566 3544 „se borger schutterije
42 3508 588 3618 te laten geschieden op
642 3442 2867 3683 tegenwwordigh geresolveert; deselve vast testellen tegens
39 3578 399 3740 23. September
613 3618 2880 3834 den 23=e der aenstaende maent sextember, te weten
635 3790 2846 3989 die van de nederlaneche schuternije, en. Eenigedaagen
20 3769 645 3995 En eenige dagen daarna
29 3961 643 4130 oork 8' Inlandseborge wij
621 3969 2942 4201 daer wan oock de Jnlandsche, gelijck dat van outs gebruijckel.
625 4125 1070 4257 is geweest
2607 4186 2843 4347 sijnde
