3060 4693
40 10 220 140 202
89 198 335 347 202
35 1251 601 1454 Bebonges over de
12 1397 629 1550 Saaken op Cormandel
22 1848 601 2023 Pelement van
36 1973 644 2095 equalificerde dinaren
2 2062 640 2170 in dat Gouvernement
18 2137 633 2241 Verstaen aen te Houden
107 2210 493 2337 sonder meer
686 399 2881 615 Woonsdagh 15. Jatij 16:8.
1063 540 2664 747 Smorgens Extraord: Vergaderingh
2340 839 2418 945 5
588 999 2914 1206 Eese vergaderingh beleijt zijnde omme te beboiqnire
660 1168 2804 1292 oper de zaecken van Cormandel soo is onder agebsie
657 1270 2840 1419 poncten van rescriptie, en ordres op de laest ontfange
662 1338 2876 1495 brieven, oock wderom gesproken vande grootsen omie
648 1460 2907 1631 slagh van Comp:s dienaeren aldaer ter Custe gelijck
631 1568 2935 1735 bij resocutie van 31: Maij Passato, oock al eenigsins stact
639 1646 2805 1828 aengevoert, ende weswegen, dE Heeren Cornelis:
643 1789 2716 1944 speelman, en Joannes Compuijs, zijn versoght en
650 1884 2901 2050 gecommitteert, tot het maecken van een overslagh
650 2021 2852 2128 der nodige Dienaeren, soo tot Palleacatta, als de
650 2082 2972 2210 verdere ondersorige Comptoiren, dewelcke dan bij haer
666 2189 2913 2314 EE: pertnent opgestelt en als nu jn raade van India
641 2298 2664 2425 geresumeert wesende. is eenparigs goetgevonden
627 2403 2788 2564 sodanigen vasten tgetal van suppoosten op Cormandel
628 2500 3070 2666 aen te doen houden, als hier onder specifice wert uijtgedruckt
1453 2641 2320 2839 Tot Pallacasta.
558 2797 1176 3019 1. Gouverneur
558 2938 2937 3105 1 Oppercoopman, die oock met eenen, de negotie en generale
965 3082 2072 3239 boecken: zal moeten houden.
551 3192 2886 3342 1. Coopman tot fiscael en oock bijde ontfangs der Lijwaten
551 3277 2701 3423 1. ondercoopman jnde min, en jnde negotie packhuijsen
562 3393 2905 3605 1. ondercoopman by de kleene kas, en met een bij de Lijwaten
2868 3568 2913 3626 o
564 3534 2521 3709 1. ondercoopman tot secretaris, en bij de Lijwaeten:
576 3673 2877 3846 1. ondercoopman tot factuir houder, en bij de lijwaten als mede
671 3795 2739 3951 om toesight te hebben op het afpacken van deselve
551 3892 2441 4060 1. Doockhouder tot de Lijwact packhuijsen.
562 3957 2900 4176 1. boeckhouder tot de guarnsoen boecken, en met een bijde
989 4108 1377 4240 lijwaten
2443 4339 2989 4502 14 adsistenten
2898 558 2970 718 5
