3038 4680
12 9 155 158 34
2622 107 2690 235 d
221 116 344 311 4
527 363 2947 559 Raade van India overgelevert adij 18:e februarij Anno 1638.
662 499 1840 635 was getekent Pieter Eemers.
98 663 699 832 Jn He, der mede en
1056 686 2811 885 Reeckeningh van de middelen jnkomsten
135 794 690 896 van d' Inlandsekerck
1089 842 2778 965 en uijtgiften raeckende de Jnlandtse kerck deser
1089 905 2876 1063 stede Batavia beginnende pro Januarij 1677. en
1103 1015 2896 1170 eijndigende Ulto: december desselven Iaers overgelevert
1098 1151 2945 1291 jn Raade van India, door adisiaen van Decom, borger;
1100 1216 2272 1356 kenckmeester vande selve kercki.
637 1325 2564 1595 Ult:o decembrr. 1676. is het Capitael 300 jn Contant, als
2848 1549 2920 1642 o
753 1564 2566 1698 gelt bij d' E: Compt: of jntrest geweest gelijck bij de jongst
742 1616 2454 1799 gedane reeckeningh blijckt. . . . . . . . . . . . . . - . . . . . . . .
2438 1684 2542 1783 x:
2567 1667 2756 1798 3259
2774 1670 2885 1794 44.
958 1719 1854 1902 de pkomsten bedragen
646 1856 2255 2035 uijt Comp:s Cassa ontfangen voor im: jntrest van
968 1965 1075 2037 dus
2125 1990 2228 2054 des
764 1986 2214 2128 2700 rx:s Cap:s -- - - - - - - - - - - - - - - - - - - - - - - - - - - - - - - -
2293 1967 2481 2122 162.—
660 2058 2232 2246 Vanden Dootgraver soo veel van’t begraven van
678 2185 2172 2348 dooden jn m: is ingekomen - - - - - - - - - - - - - - - - - . -
2156 2210 2216 2344 -- „
2239 2241 2547 2366 1070.35:
665 2297 2232 2476 van verscheijde personen over verkoop van eijgen
703 2390 2218 2555 graven op het kerckhoff . . . . . . . . . . . . . . . . . „
2294 2409 2454 2536 280.
1351 2539 2220 2794 Jn e de e
2240 2653 2552 2775 1512.35.
818 2755 1654 2943 d'uijtgiften bedragen
667 2914 1896 3092 den maentgelden van 2 kosters jn.
750 3047 1785 3195 12 maenden - . - - - - - - - - - - - - - - - - -
1768 3061 1908 3195 kx:s
1956 3045 2169 3188 168.—
650 3144 1849 3279 voort broot tot het avontinael..
1832 3192 1918 3269 „
2022 3160 2220 3301 7:36.
654 3249 1907 3356 voor't maecken van een huijs om de doot
736 3325 1860 3470 beenders jnte stuijten, ende de doot„
744 3424 1830 3574 baren onder te stellen - - - - - - - - .
1831 3464 1875 3539 „
1939 3443 2216 3568 333.46.
665 3494 1885 3670 voor een silver doop becken . .. . . . . . . „
1947 3573 2122 3681 107.
657 3595 1895 3756 voor 36/½ Eben laken tot dootkleden . . -„
1935 3653 2224 3787 109.24.
657 3707 1877 3839 voor't schoonmaken vande kerck . - . „
1983 3764 2207 3862 11.24.
651 3797 1883 3917 voor kaersen tot de avondt predicatie . - . „
1996 3845 2201 3957 3. 12.
653 3888 1888 4016 voor een gordijn met zijn ijsere roe.- . . „
1985 3945 2168 4065 5. —
657 3969 1875 4134 voor drie dootbaeren - - - - . . . . . . . . . „
1980 4039 2107 4134 18.
657 4063 1808 4206 voor een Laa, om het doopbecken jntesetten
1789 4100 1877 4192 „ - „
2011 4112 2186 4218 1.24.
702 4163 2209 4338 duijt gisten bedragen te samen . . . . . . . . . - . . . . „
2257 4206 2535 4345 765„22.
1034 4308 2534 4482 Cs tt hij enden mer deoep e ij e
2512 4377 2877 4485 747:12
634 4482 2873 4629 vormaker ten en aerd gelen te e et betogte bx: 100. 8.
2774 3303 2819 3437 o
2911 -31 3007 129 E„
