3129 4650
10 642 96 712 oo
5 4487 125 4578 „
288 458 2461 691 oostcust, met het convenibel, ontsagh, en respect, ten
267 632 2352 828 meesten dienste vande Comp:s en tot herstellinge
274 744 2448 951 van't mattaramse rijck ende den presenten Sousonhou
273 866 2446 1032 nangh te manieren, en te bestieren, als waer aen
276 1011 1593 1205 ten alder hooghsten zij gelegen.
1625 1190 1738 1272 bito
217 1155 2490 1368 Ende heeft daer op zijn Ed: de Heeren raaden
278 1352 2481 1489 voorgedragen, wiesigh van deselve tot soo emportanten
264 1456 2423 1631 en nootsaecklijcken werck moghte gelieven te
267 1579 2341 1730 presenteren, gelyck gedaghten Heere generael
272 1700 2340 1884 voor aff zijn persoon daer toe verklaerde gaerne
266 1789 2463 1972 te willen aenbieden, om een kort eijnde te maecken
266 1914 2346 2111 soo het den dienst der E: Comp: ende d’ordre der
254 2050 2449 2244 Heeren meesters konde toelaten, dogh dewijle Comp:s
244 2187 2437 2350 belangh sulx althans niet oen gedoogede, ende dat het
251 2311 2481 2446 selve mede plaets heeft, jnde gelycke presentatie van
248 2407 2476 2587 den Heere Directeur generael Cornelis Seelman
255 2531 2339 2708 als jn cas van’t generale werck, alhier en na de
249 2654 2402 2809 presente occurentie van tijden, t' eenemael als voor
251 2801 2434 2957 onmogelijck, en ondienstigh geoordeelt werdende
253 2934 2558 3076 soo zijn toen de presente heeren Raaden rondt gevraegt
242 3005 2521 3218 en door haer E: vervolgens alsulcken verklaringe
140 3144 2431 3309 gedaen, als hier onder blijckt, gelijck dan voor eerst
2439 3168 2542 3348 74
237 3241 2415 3432 de h:r Ordonuarij raadt Anthoio surdt, verklaerde
257 3398 2500 3573 om verscheyde redenen, en dat hij maer even gekomen
501 3483 815 3560 „ hem selven
245 3496 2345 3683 „waere, hier toe niet te konnen presenteren, maer
244 3615 2405 3799 bij aldien de regeringe zijn persoon moghten nodigh
246 3710 2462 3885 agtiten, en daer toe ordonneren, dat zijn E: sigh dan
248 3825 2299 3988 geensins, den dienst vande Comp:e soude willen
244 3977 739 4136 ontrecken.
2058 4054 2309 4265 Den
2847 7 3088 186 193:
2848 238 3061 407 183
2459 1982 3116 2201 Eost gen of d
2466 2164 3050 2258 konnen daer toe niet
2458 2235 2952 2371 Werden gemist
2544 3170 3042 3342 Caringh van d H
2518 3312 2738 3409 Hurde
