3037 4680
19 -37 198 162 36.
2606 97 2683 251 op
134 169 388 388 36
688 142 2923 611 Dijnsdagh 22:' februarij 1658.
638 854 2881 1051 Aengemerckt zijnde dat de voorkopers vande rijs
640 1015 2748 1196 deselve nogh al tot een hoogen prijs op de Basaer
633 1207 2894 1343 weten te houden, ende te verkopen, niet tegenstaende
630 1303 2840 1457 deses stadt daer van redelijck wel zij voorsien. soo
631 1418 2770 1634 is goetgevonden ende verstaen, tot gerieff vandie
633 1546 2880 1776 borgers ende jngeletenen als mede omde practijquen
77 1640 639 1844 omsbe Ven de tije
657 1676 2631 1846 vande gemelte voorkopers tegen te gaen, uijt
75 1811 659 1914 200. lasten uijt ’s Comp: g
73 1828 2952 2049 Backhuijsen te laats ’s Comp:s packhuijlen te laten verkopen de quantiteijt
70 1909 668 2022 erkopen voor de gemeen 13
77 1988 583 2123 tot 40 /8 p: 't bas
641 1959 2706 2152 van 200: lasten tegen 40: rjcxd:s het last zijnde
630 2076 2710 2250 ongevaer een derde minder als deselve nu op de
623 2227 1675 2432 balaer wert verkoght.
2746 2377 2919 2576 dis
765 2445 2906 2674 dewijl gemeent wort dat de laege prijs van 4 ux:s
618 2603 2854 2738 die voor het picol peper alhier aenkomende wert
75 2685 605 2885 omde sobere toe voer
619 2719 2904 2944 betaelt, oor reck zij vanden soberen toe voer van dat
86 2839 385 2952 des pepers
512 2817 2912 3049 grain, endet wel oorsaeck mogtte worden dat deselve
620 2958 2852 3167 nogh al meer na Pantam, en andere plaetsen
610 3107 2871 3309 gebraght, en aldaer aende engelle, deczien. Chinelen
624 3234 2878 3422 ende andere Nlatien, verkoght wierde, soo is gin
36 3382 643 3524 deselve Voortreni Placts
624 3377 2881 3593 sulcks voor te komen, eenparigslijck goetgevonden
25 3493 612 3578 van 9. tot 6. HD. tpicol
52 3554 618 3700 te betalen na demaent
628 3499 2996 3752 ende verstaen, de prijs vande aenkomende pepecs
21 3612 252 3735 Macht
614 3625 3006 3853 wat te verhogen, ende deselve te stellen tot 5. rijcxd:
597 3775 2691 3966 het picol halff gelt, halff kleden, sullende dese
616 3911 2750 4099 verhogingh geen plaets hebben, op de peper die
2513 4058 2716 4205 hier
2876 -97 2996 99 15
