3098 4691
2845 29 3052 218 259
2813 196 3110 354 259
255 511 2515 741 wesende, om ment presente vrdelck van den
235 675 2514 901 nieuwen: Heer gouverneur dooob dorisz. pits
68 770 2526 982 bock met eenen de overleggen, En de beramen
254 900 2286 1124 den parmanent getal van geualificeerde
129 1004 2469 1183 dienaeren die onder het malacce gour benemend
236 1132 2494 1372 tot bestier van Comp:s zaacken nodigh en dienstigh
248 1265 2395 1466 werden geoordeelt jnvoegen als bij reventie
241 1399 521 1567 vnbj
689 1389 2475 1607 assato. Juf gouvernemen van Cormandel
2488 1448 3002 1631 Puigemen den
218 1525 2362 1724 zij gesmaneert Soois na dereduse deliberatie
2453 1589 2939 1699 nodige en Vaste
2447 1655 3073 1788 Gequalificeerde dienaren
142 1595 2326 1859 daer toe gereden, en eenparigs ge arrepeert
2501 1722 2879 1856 op Malacca
145 1736 2343 1946 daer op te besamen en te doen agtter volgen
120 1861 2401 2078 de navoegende permarente, en van de wed
203 1993 2532 2176 van bequame Dienaren, zijnde al ten nevendele
219 2082 2561 2343 gelijck het tegenwoordigh wert bespiert nements:
135 2288 1017 2534 „Couverneur
55 2454 2497 2726 1 „ oppercoopman. en scunde die oock selffe desoecken zal
605 2632 1301 2778 moeten houden.
107 2703 1359 2884 1. Capitain van buaruisoen
104 2840 1393 3068 1. Coopman en Jabandaer
117 2983 1183 3169 1. Coopman en fiscael.
111 3138 1162 3387 1 „ Equippagiemeopper
108 3304 2406 3572 1„ Coopman hooft van soldij, Comptir doe oockselfs
593 3451 1749 3638 het Journael moet zouden,
42 3483 2467 3740 1 „ Coopman Operhooft voor pera, als bij op Malacca.
605 3685 2248 3906 present is, alle tot raadts personenen
88 3716 1612 3953 1. ondercoopman tot secretaris
415 3920 2392 4124 Voorts op de seere tarije nevens geme. Secretaris
70 4034 2138 4276 1. Eerst adsistent als gesworen klerck, en
53 4145 837 4352 5. adsistenten:
2125 4306 2340 4485 opt
