3058 4711
66 -4 237 143 184
83 140 338 343 184.
702 208 2759 607 MMaandagh 1:e Julij 1638.
1180 528 2673 738 's morgens Extraord: Vergaderingh
597 906 2765 1161 Den Heere gouverneur benerael, dese vergaderinge
410 1044 2983 1268 hebbende doen bij een komen, tot het lesen der brieven
639 1203 2935 1359 soo even per borger vaertuijgh van Arracan, Macgaca
644 1320 2894 1440 ende Palimbangh aengebraght soo is met eenen
651 1382 2842 1543 Althans voor de eerste mael jn raade van Iudia„ ver
661 1513 2962 1667 schenen, den E: Hr. Anthonio Burdt, bij d' Ede: Heeren
32 1446 652 1646 d'EW: mth: Hirde
46 1608 634 1721 uijt Amboina Gekomen
669 1626 2923 1801 17:e volgens haerelaest ontfange generale missive de
55 1685 665 1809 beldigt, en neemt Cissie
28 1758 573 1905 als ordinarij Piet
640 1723 2973 1880 dato 18e: October 1677: gepromoxeert tot ordinarij raadt
649 1841 2972 2008 van India, en op eergisteren. p:r ’t schip Sapan behouden
651 1954 2711 2076 uijt het Gouvernement van Amboina, over Japare
646 2067 2907 2215 hier aengelandt den welcken dan nu oock den Eedt
595 2156 2870 2289 der raaden van. India, volgens den generalen articul
651 2269 2939 2444 brieff aen handen vande H: benerael behoorlijck heeft
640 2392 2850 2545 afgeleght, en daer op wijders door alle de heeren
2824 2434 2892 2537 —
645 2504 2930 2647 generalijck veel geluck, ende desseeren Legen, toe
629 2610 1285 2790 gewenscht, zij;
589 2824 2950 3050 Batavia in't Casteel datum ut Supra
2222 3101 2885 3298 Van goejsn
2610 3305 2672 3383 1
2095 3346 2875 3539 Cornllnc
2063 3647 2858 3863 W: Van Dnthour
2084 3872 2976 4147 Jan Campuijs
2136 4410 2420 4557 VH
2186 4514 2262 4625 n
