3051 4647
49 -6 248 162 130
77 130 352 347 130.
688 448 2967 636 mont vande anchiolse rivier gelegen, ’t welck allen thalven,
630 560 2964 733 daer toe bequaen, groot en spatieus, genoegs is, om elck naer
693 688 2828 827 zijn conditie met de bijsondere apartementen te gerteven
692 794 2880 938 het welck geoordeelt wert, oij verscheijde resterten (des
693 922 2917 1055 noots bij monde nader te deduceren) de alder bequaemste
677 996 2732 1118 en vejlighste gelegentheijt te zjn tot weringe van dat
687 1074 2911 1252 beklaeghlijck quaet diemen daer toe soude konnen uijtvinden.
687 1212 2856 1332 presenterende  huijeer waerde jn alle eerbiedigheijt te
685 1291 2787 1439 besorgen, uijt de gemeente, en jnsonder zeijt uijt de Chinese
680 1373 2911 1521 Jngeletenen selfs met een ijgelycks contentement soo veerlet
699 1483 2878 1612 te vinden, en te Collecten en, dat het t' eenemael zal komeen
674 1570 2809 1706 geschieden buijten lasten, en kosten van d’E: Comp:s ende tot
690 1647 2204 1814 vreughde, en gerustheijt van de burgerije;
645 1744 2858 1940 Aldus gedaen ende geresolveert. ter Vergaaeringh
677 1903 2862 2024 van Heeren schepenen deser stede Batavia in't Stadt
654 2011 2639 2121 huijs ten dage en Iaere alsboven, onderstondt des
634 2086 2729 2252 tousconde, was getekent Jacob van Dam Secrstaris
647 2283 2889 2479 Welcke resolutie met opmerckingh geleen wesende
11 2336 626 2482 die geontinneer de
679 2405 2980 2553 bij ons wejt geconfirmeert; en de nadere consideratien
17 2457 668 2555 Haet Eemo: ugtb: Consi„
15 2513 655 2610 deratien berst Verp zen
678 2524 2909 2629 van haer eerw: wegens de verplaetsinge van het
25 2579 595 2686 Van ’t Cassarn Huijs
1103 2598 1176 2668 .
649 2601 3056 2752 Lazarus huys, als anders daer bij vermelt (en weswegen
11 2648 449 2770 Verwagt wert
665 2750 3032 2845 op 23e: deser eenige discoursen jndesen raade zijn gevallen)
648 2817 2927 2970 oock na desen verwaght: ommet dan verders op ’t een
2911 2861 2992 2936 —
654 2900 2969 3055 en't ander, na behoren ten principalen te conclnderen
616 3070 3057 3283 ijders heeft de Hr. Directeur Generael Cornelis Speelman
640 3246 3007 3382 als president van't schepenen Collegie, voortgebraght
664 3358 2917 3490 en aende Hr. Gouverneur generael overgelevert & die
9 3408 2872 3566 Nondinatie tot schieinge nominatie van een dobbel getal Comp:s dienaeren, en
2536 3516 2667 3590 nu
0 3520 2975 3667 van’t Collgen spptrenborgers na Jaerlijcks gebruijck, door haer Eerw: gedaen
653 3630 3023 3752 en opgestelt, omme daer uijt jegens inaendagh, aenstaende
650 3706 2985 3899 zijnde den 30en deser, ende den dagh vande veroveringh.
445 3861 533 3958 6
642 3836 2866 4003 deser stede Batavia, te continueren, als vande
655 3929 2781 4085 nieuw genomineerde te eligeren een compleet
663 4045 2851 4196 getal van seven personen, tot schepenen wesende
2657 4145 2822 4252 8E
