3008 4522
-9 3324 55 3429 —
222 4307 302 4463 1
2875 251 2989 434 3
2266 187 2469 428 V
991 208 1424 464 Ootober
3 411 2969 626 18: d:o d’operhooffden van de sleuijts trijen voor gedaneuijtrijse de solle prenietoigelijt d 390.
267 582 2757 699 diesondercoopman michielbaal licentie nat patria Vergunt . . . . . . . . „ —
2092 639 2938 798 „—
264 661 2072 804 Iten den Oppers herman Jacob spegt met zijn rauw - . . . .
253 727 2840 888 een brieff en geschenck aen den angevan Van Danjermaskingh te senden . . . . . „. —
195 845 2595 999 En de nlegotie aldaer tot nader ordre aenboort te drijven, souder een logie al Lant
939 973 2710 1100 - - - - - - - - - - - - - - - - - - - - - - - - - - - - - - - - „
573 953 958 1074 te versoeken
241 1048 2639 1201 de Wijdere havens op Borken bij tits gelegentheijt met de Helena eens mede
1408 1181 1639 1296 - - -
568 1166 1023 1284 te ondersoeken
2594 1185 2667 1295 „
253 1193 2873 1399 om tesie, off daer in nogtie niet nets priffitabels te doen is - - - - - . - - . . . „ 391.
239 1341 2611 1521 de sloop d’ orangieboom na de Indermaijo tesenden, om ons bescheijt van de gelegentheij
2462 1445 2829 1565 „—
471 1435 2139 1614 _o toescint aldaer bekengen . . . . . . . . . . . . . .
2563 1538 2914 1715 1392
247 1543 2078 1710 onder de poijnten tot Rescuiptie oder malacca na Hengale.
-4 1543 235 1764 19:d:
270 1657 2568 1842 saestgestelt de flouijt ttinen in plaets van na Cormandee, en Pigu m:r
524 1781 2277 1952 netens soesdijck naer bengale te laten vertrecken - - - - - - - .
254 1894 2546 2056 en e verdeelinge der Esico en om met zijde, en andre tstouwen voor Japan tijdig
2539 1950 2824 2094 „—
520 2010 1671 2163 Berwaerts te tetouneren - - - - - - .
254 2111 2443 2272 en sal oock den Jongst gedanen Eijsch Van 50 8: lb Amphiouj wel bubbelt
2603 2163 2697 2319 „
542 2226 1538 2374 mogen worden toldaen - - - - . .
263 2252 2562 2435 den overigen voormet van gemaekte Couvwerken, Som, en Zijldoek in bengale
2601 2360 2709 2570 „
543 2424 2077 2576 bijeers te scheeps taijmte te laten herwadrts komen
2589 2482 2675 2662 „
267 2463 2305 2711 aer geen meer touvtercken, haer te doen aenmaeken . . . . . . . . . .
2599 2620 2880 2794 „ 393.
237 2581 2389 2781 van alleen Lootlijnen, en 2.â 3000. lb: sout boose goet kan thorden gemadkt
234 2733 2405 2920 dogh het maeken van een niouwe Houte lijnbaen in ouglij tot de komste van
2211 2864 2376 2984 :
542 2867 1586 3012 dHeer Volger uijtgestelt . - .
265 2937 2563 3144 over de groote te kortkomenitheijt aevan eenige Jaaren bij d'ouglijks packhuijsen.
256 3064 2451 3223 Vlader en duijdelijck berigt uijt bengale te vorderen door wien sulx bal moete
1007 3192 1205 3297 1  - - „
2599 3178 2770 3328 „ —
527 3196 1028 3311 werden Voldaen
253 3232 2522 3446 en soo mede op een menorie derwegen door d :r pit voor zijn Zoon Jan pit
598 3403 1192 3547 alhier Jngelevert
1629 3398 2434 3539 - - - - - --.
254 3486 2475 3655 eenige beschadigde, en bedortte gooderen van hangsitijt in beugale afftes taen
544 3624 1902 3760 Voor't genzo geeden mogen . . . . . . . . . .
270 3695 2512 3864 Coope dat de Negote mettel ontset van Sapitail dit Jaer deritkerts bestelt
536 3813 2299 3976 buijten verlegentheijt sal kunnen Waergonomen Worden.
284 3937 2472 4096 op de tijdinge vande gepleeghee offentie der Pantammers aen d’ons
608 4080 1061 4209 op ndermaijoe
2559 4030 2645 4212 „
