3146 4669
2873 -4 3097 180 345.
2880 172 3117 318 4
326 285 725 649 ondens
1700 450 3085 677 ee datve onde despouste e.
2480 646 3132 748 enommanderis en tweede
329 635 1445 791 isn eerden aan
1604 636 2311 807 Hlnde dor
2425 712 3120 841 Persoon, o het hun Vrgh
2433 776 2708 907 te geneen
633 774 901 940 mis
1605 765 2111 938 beven
349 913 2258 1089 is teteommaden tneminge van bie
248 1059 749 1225 althans vers
554 1200 2393 1424 Ccommandeur als oseden Comptoiren
275 1332 2439 1553 sigh net d'admiss sratie niet der so Inlaaten
439 1463 2269 1670 alle deselve met ordre tpersie, en ijder dot b
1552 1646 1741 1843 1
2022 1623 2173 1842 1
253 1789 3131 1991 den sCommand:r sat dien volge de als de vlodigh is, de sulden tann in den sige
2437 1950 3121 2071 moed amisfratie niee
350 1952 2741 2170 Comptoiren pisideren, of dockvisideren nge belange Inlaten
2440 2034 3110 2193 maer de comptoiren als ’t nodig zij
2434 2138 2659 2223 1: seteren
242 2098 675 2256 der saak
212 2244 2351 2483 den oppercoopman sa goen adminisstatie overtgelt
2457 2294 3096 2481 de Conen de de toge
2463 2451 3107 2603 On de Groote Kas hebben
251 2411 2434 2607 boon nder dan dat de groote was ondersijn sorgeblijk
2424 2548 3097 2709 En niet dan door den Casseer
237 2568 2464 2752 daer niet uijt sal werden gegeven dan aende Cas hier
2445 2660 3021 2761 met sijn ordie werden
2443 2734 2792 2867 uijtgegeven
240 2671 2155 2883 met schriftelijcke ordre van den Commandeur. —
226 2840 2447 3048 alle bedalingen sillen op d'’ordre vanden Commandeur
236 3051 2200 3227 door den Casdier geschieden, en niemandt anders
162 3270 2387 3473 ijndelijck mede gesoncken wesende van de provisien
248 3455 2358 3619 door de subalteme minis zis; ds nae beliberatie
2384 3462 3090 3627 den Command: en seunde
2452 3582 3090 3679 op mallabar sullen Iaerlijx
195 3559 2452 3751 goedgevonden, dat den Commandeur en becunde persoon
2459 3646 3068 3741 soo Veel Provisien als den
2442 3720 3120 3825 directeur, en tweede in sumalte
247 3686 2177 3890 op mallabar sullen werden getracteert en uijt
2419 3782 3074 3936 Van de Compag:s Genieten
2366 3871 2444 4006 s
2047 3913 2461 4088 Compag.
