3029 4629
5 -8 209 169 126.
6 152 227 302 120
604 363 2783 563 onderstont Batavia pit Casteel 27:en Maij 1678. en
640 504 2445 668 was getekent Dirck de (Haes en Martin Pit
684 643 2789 823 Ende naer dien die sortementen van kleeden tot
9 692 596 854 En Versaendes b
5 789 2860 937 Voor de Comp: aentenemen den japansen handel dienstigh bevonden werden, soo is
646 880 2944 1062 goetgevonden deselve alle voor de Comp:e aentenemen.
-10 974 665 1118 onden f sael in Portie
657 996 2804 1148 en den E: fiscael zijn portie, daer uijt te laten vol
2787 1044 2905 1153 „
32 1085 653 1204 daerfuijt met 30. prao
657 1115 2723 1280 doen, naer de voorseijde taxatie vanden Jncoop ter
26 1153 676 1293 Advance goet de doen
652 1209 2903 1365 Custe, met 30 p:s C:o advance de pagoden gerekent
648 1333 2468 1517 tot 105. stuijvers oft 1¼ rjcxdaelders ijder
671 1483 2737 1692 Juff. Elisabeth vander keer; versoght hebbende
10 1563 660 1742 Dn :r Elisabet Jan de
654 1653 2956 1784 om steecker stuckje Landt gelegen omtrent een quartier
11 1694 656 1803 hier scheistuchije Lant
18 1759 601 1904 in Eijgendom vergunt
635 1728 2838 1862 uir gaens beoosten, buijten deser stede, aende rivier
648 1849 2904 1968 de soutar, dat zij nu al een wijle tijts heeft beseten
666 1946 2922 2092 jn eijgendom te mogen genieten, is verstaen haer sullx
662 2029 2710 2173 toe testaen; en een behoorlijcke Eijff brieff, daer
674 2140 2768 2318 afte verlenen; alsoo daer bij niemandt en komt te
672 2265 1708 2420 werden geprejudiceert.
762 2363 2844 2624 Tinne de B:r ordinarij Waer Willem Volger
678 2577 2681 2720 van een bequamen bodem tot zijn E: transport
680 2672 2900 2823 uijt Dengale herwaerts te voorsien, en met eenen
665 2763 2912 2895 den nieuw geeligeerden directeur Jacobus Verburgh
613 2826 670 2911 1
678 2857 2694 3009 der waerts over tevoeren, is goetgevonden te
39 2879 567 3042 Teig t Jateigen
49 2993 649 3108 aengeheijt na beugals
693 2949 2956 3110 doen gereet maecken het kloecke saght 't goetbegin:
45 3070 688 3189 tot transport Jan t H: Vljek
687 3063 2905 3202 zijnde van goede ruijme accomodatie, en seer vlott
672 3158 2862 3351 gaende. en daerom tot die poijagie best geoordeelt
691 3335 3006 3550 telijck dan oock met eenen tot de vastgestelde besendingh
639 3461 2984 3670 na de Cust van China zijn aengelegst, de schepen
43 3442 642 3617 de Jagten Beenige E
47 3589 653 3704 t Huijs te Eleeff, en zij
695 3583 2924 3760 betuwe, ’t huijs te cleeff, ende zijp, dewelcke tot
48 3666 631 3800 Aengeleijt naer Chin
702 3685 2901 3862 overvoer van een matigh geprojecteert Cargasoen
692 3809 1958 3997 ruijmte genoegh sullen hebben.
752 3970 2983 4173 ederom gesproken wesende der presente gestalte
2850 4126 2923 4221 —
2605 4088 2804 4250 de
725 4130 2608 4276 van Comp:s negotie in Japan; werwaerts
2660 4196 2876 4367 afte
2863 4294 3009 4392 n
