3176 4722
70 -16 240 182 114
87 197 187 383 11
36 973 671 1152 d’ Ernelis Beken
50 1119 638 1211 „bergs Reristo van
86 1188 671 1320 scher prous gacord:
64 2318 646 2449 geen silver Capitail dit
42 2403 647 2509 Jaer op nieuw taer
88 2470 663 2598 Camguin afte senden
659 3059 728 3185 1
647 147 2834 600 Dijnsdagh 17:e Maij 16705.
639 823 3007 1015 Is jngedient een request voor den E: Cornelis Derenbergh
646 982 2757 1110 schepen, en borger deser stede, daer bij versoeckende
686 1068 2989 1203 omme te mogen hebben revisie van sekertproces tusschen
681 1168 2724 1294 hem ende Heeren Boesmeesteren, deser stede
681 1312 2786 1420 op 8:o september 1676. bijden agstbaren raadt van
675 1404 2762 1539 Iustitie deses Casteels uijtgespreken, en bij welck
684 1476 2953 1619 vonnis hij sigh als nogh bevint te zijn beswaert, wer
679 1581 2751 1753 op naer deliberatie verstaen is hem de versoghte
667 1685 1640 1831 revisie te accorderen.
674 1803 2911 1989 de H: Extraordnaris raadt Ioannes Camphuijs, voort
615 1989 2881 2087 gebraght hebbende de notulen van te doene rescriptie
703 2059 2863 2163 na Concquin soo is omde presente sobere gestalte des
689 2130 2867 2273 Handels, van dat Comptoir en de weijnigh advance die
665 2208 2694 2370 de Concouinse zijde nogh anno passado. p. Japan heeft
681 2305 3013 2417 behaelt. goetgevonden dit Iaer geen silvere spetie derwaerts
686 2415 3048 2570 te zenden, sullende de negotie met het gins over geblevene
688 2489 2766 2623 Contant Capitael van voorleden Iaer, ten bedrage
692 2598 2765 2707 van 183000: guldens mitsgaders met de resterende
689 2649 2983 2810 ende nu aftezendene Coopmanschappen, alleen matighb:
678 2778 2855 2928 en jnder bester voegen, moeten werden vervolght.
727 2995 2756 3200 Batavia jn't Casteel aatum als boven
2357 3186 2948 3369 van goens
2715 3297 3045 3482 dea
2371 3424 3103 3605 Cornb. lmek
2076 3751 3108 4011 W: van Dufloonde
2884 3891 3023 4026 E
2345 4008 3037 4185 Jan Janmsele
2238 4411 2667 4584 Hobee
2195 4506 2309 4619 ge
2384 4533 2575 4623 n
