3047 4628
201 67 369 247 36
783 56 1515 510 Hen
2642 326 2938 611 380.
37 458 2651 639 6:' d:o Danboeker van Cheijlon na persia tesenden tojt den bassrazen Handel . .
10 566 2581 711 „ — deledige schepen uijt souratta en persia van Leijlen doorgaens over Connandel
574 675 1370 803 nabatavia te senden - - - - -
330 698 2498 902 om den ouden adigaer van Mature don gaspar binne vieigt modeliaer
592 849 1762 987 Wederom na Beijlon tesenden - - - -
311 919 2466 1114 Is vers taen aelovens het advijs van d’H:r gouv:r en tadt aff tewaghten,
329 1072 2720 1214 de paerden voor d’officieren op Leijlen moeten sonder veel kosten gehouden Werden „
334 1180 2615 1306 derffenisse, en successie vanden geadapteerden soone vanden ofterleden tabandaer
534 1259 1785 1395 don Joan tot Colombo, geapprobeert . ..
2670 1240 2906 1409 331.
334 1350 2209 1523 't Backen Van Ebbenhout op Ceijlon Voortaen naer te laaten - - -
327 1458 2137 1608 en oock den duuten Canarazen tijs na vermogen te Excuseren
336 1592 2507 1724 „die van Cheijloij sullen voortaen geen voorstellen van belangh na't Vaderlant
622 1662 1378 1798 hebben te doen - - - - - -
293 1711 2103 1897 „den diese alvorens na Herwaerts sullen hebben voorgedragen.
2717 1705 2812 1893 3
460 1863 2576 2014 sal alle de discepantien tusschen Cheijlon en batavia, daer door Tenmael
630 1965 1451 2093 mogen Weghgenomen werden
361 2051 2471 2202 Om de verwaghte Voordeelen aldaer eens in een langh
634 2160 1646 2318 gerenschte goede ploij te brengen - - -
288 2221 2343 2414 over tagia singa onse Consideratien mede na’t faderlant te adsiseoen
366 2388 2640 2514 n na Ceijlon te ordanieren bij desselfs onderwaghe overlijden, ons daer van
641 2473 1436 2598 aenstonts advis te gesen- -
358 2562 2627 2693 en bij sulcken gevalle sigh na den tijt te Reguleren ieij de bekerste, en eerlijkste
640 2661 1726 2828 Partije voor de Comp:s hiesende -
349 2761 2558 2959 om in allengevalle Comp:s dierbaare ipotieck van Wel Zo: milioenen op
2623 2831 2915 3011 „333.
625 2884 1905 3053 dat Elant inet tigeur te beschermen.-
365 3000 1792 3165 de ordres nu na Mallabaer te gesen - - - - - - ..
354 3085 2599 3228 Op Ceijlen mede tot nareght te dienen, soo vene die aldaer afflicabel zijn n:o
349 3208 2620 3355 Nominatie Van 6. Persoonen tot schepen in plaets van den operleden Cabraham Vlijs
2599 3205 2949 3389 „ 334.
2615 3381 2688 3473 „
375 3337 1985 3466 d' E: Cornelis swart wederom tot scheepen verhooren
363 3428 2663 3565 en in sijn plaets t Commissaris der Junelijxe, en Cleenesaeker, s:t pieter schippers—
356 3538 2621 3696 den boekhouder tutgest: decker met sijn Vrow: en familie toeges Daen naer ’t patria
2623 3640 2903 3809 „ 335.
616 3671 1133 3794 te vertrucken - -
353 3697 2470 3903 Nominatie van schepenen tot een kitinees ter derborger Lavallerij, in
624 3838 1437 3997 plaets van Abram Wijs:
1369 3936 1616 4051 De
392 3926 1381 4119 die bookiesinge Voor dit Jaer uijtg:
348 4030 2441 4208 en den optoek desemael bij den luijt:r Jan Wijnandse te laten Waernemen
