3060 4686
1629 519 2414 736 b detend g beden
1041 563 1150 749 1
157 571 839 757 dand
115 618 2398 838 heepen Ehisser deed, soo detuiget ookk den Ciep„, doot det drnambahan
160 756 2442 937 van heribon aen ons gesz: dat bij de saacke heft, en nae onse Jnbentij
6 866 2323 1045 ders vaen beeft; van boeken niet aijders dan deicn meere
178 995 2220 1118 det vwvasen van allemenhen o dit Eijlande, en bepeeren p
157 1059 2339 1216 ook tende diendaee, en die padueer Zuij bulkan anders soecke
164 1169 2257 1316 wijs tenmecken sijn quademeken envvanden om babav:s en
166 1266 2249 1454 benam, die gesn sijn, tot tweedragr tengen, tn: o de
163 1388 2295 1557 baduccaEnij bulan nadder kennis van d’ oieide meijnig gehep
164 1475 2372 1646 den gouverneur benerael, en de saaden van Jndianagetooig, zoo
125 1587 2447 1755 sullen wij oder ijnige daasen den Capt:s van dijck na bantam senden
155 1707 2380 1861 die alles meeder bij made, te bij gescuisten uit dusentidene
199 1825 669 1988 falverklaaren
133 1865 2334 2319 e P sege Teui e deije
1819 2234 2455 2455 Sangbens
2468 2361 2595 2517 h
2108 2496 2712 2659 Van Bbran
1708 2609 1917 2755 „
1874 2723 2825 2899 W: Van Enth
2193 2932 2366 3074 s
2078 3019 2849 3238 Van Campbrur
1654 3643 1852 3820 „
1737 4348 1794 4491 k
2783 -24 3000 132 273.
2715 159 2958 337 273
