3054 4691
17 4178 65 4343 „
-1 4329 65 4410 5
12 4055 84 4182 8
185 171 397 325 oo
129 492 2448 671 ter reende beggende schepen te laten overgaen om
-1 658 88 784 5
148 670 2246 796 voorts als onbequaem, mette eerste uetour schepen
156 770 2403 929 naest Vaderlandt te vertrecken, ende is wijders
5 881 2404 1034 goetgevonden weder als schipper op gem:te fluijt ijsel„
139 1003 2252 1190 steijn te stellen, Jan de Bruijt, een bequaem ende
148 1121 2459 1329 ervaeren Zeeman, die nu al eenigen tijt buyten actueel
82 1299 981 1468 emploij is geweest.
140 1445 2429 1650 Cot vervangh van het schip Prederode 't welck op
174 1630 2270 1774 de casteust van dit Eijlandt, wert gebruijckt en
174 1684 2949 1869 noot saecklijck eens zal moeten aengetaft, ende vertimm:t de schepen Outskoom
2418 1817 2987 1929 suijt pols broek, hanberg
165 1857 2937 2006 woden, is goetgevonden der waerts fte zenden, het n sparendam naer
2481 1951 2931 2085 apara aengeleght
162 1958 2510 2118 Jaght Onthoorn, mitsgaders om soo Haest als het doenlijck,
148 2062 2419 2247 zij met hout geladen weder herwaerts te keren het
2230 2228 2325 2355 —
167 2231 2275 2368 schip Luijdpoes broeck: benevens de kloecke fluijt
175 2323 1735 2532 schepen Hazenbergh, en sparendam.
239 2593 2175 2793 atavia int= Casteel datum als boven
1956 2800 2569 3045 Van goens
1859 2989 2549 3190 Pueevers Pit
1760 3141 2660 3368 p. R. dertwate
1989 3315 2858 3534 Pate an Hoor
2047 4026 2748 4263 Van Camphuijs
2045 4288 2406 4443 Secret
2855 22 2941 126 7
