3134 4598
2832 17 3033 214 297.
2779 199 3060 388 297
224 539 2298 767 niet degenseende bij onse Neselutie vanden
219 732 2960 898 deser ee de ongeecmadee was voortenomen heden Een Sulkie
2463 880 2967 972 ontrntesz jaerlijcx uijt
255 865 3070 1046 dad ordoneren waerlij beovere ondenge des: Jnisbengik om
2393 1002 3100 1132 der Wigten staedel us nogh
2522 1052 2917 1183 Euseeren
192 1028 2396 1214 in tepnas engale beseeen, als besuicker en
208 1214 2396 1352 onder sgasoeweeck en halr geordonneert is, om
219 1324 2336 1473 deschaapheijt van die sortigheijt alhier wat suijm te
211 1447 2377 1646 voldoen van daer inkoot quammonteer soo is
202 1591 2464 1760 sulx zolter van tegewordige net wel kn nasie
221 1754 2447 1920 geschiede dmmer sooinge het aeaee door de grken
184 1866 2429 2054 ensangh derde en den slaateverier dercoopmansz
201 2024 1364 2206 daermet tijner dkomt
203 2179 2455 2377 huldende inwijsen werden ordre gesteld vnge de 43000. lb:
2406 2247 3071 2433 t Ondenigent spiguled in
2416 2384 3030 2498 Pirsta aff tefstaen voor
200 2351 2399 2530 ondergene stiaulte, welcke men, nogens eenige andije
2406 2457 3038 2623 ’t geen het magh gelden
205 2475 2396 2656 ongesilde geedelen, niet onkonde guijt slaeken, demogen
221 2630 3018 2795 afsaen voorgene het sal willen geldeen wijder d Crande
2514 2777 3058 2868 eijlonzen Arak te
204 2762 2417 2938 gerecommandeerd in den eijlonzen grreeck alsaer mede
2426 2766 2757 2940 ben
198 2926 2479 3132 naevermogen eenigen vertier en blect tesoeken, en te betragtei;
200 3073 3071 3286 belangende de maniere van hettrecken derwissels ree n djels
2432 3254 3087 3383 uf Versia op Souratta tn
200 3272 2348 3447 tusschenpersia, en bouratta, is goetgevonden, de wijletzet
2443 3330 3107 3433 approberen, te wsten als de
2435 3406 3059 3505 omp: daer op een effen
2469 3469 2730 3618 den is
210 3399 2264 3630 met proffijt kan geschieden, dat sulcx wel sal mogen
212 3543 2500 3777 werden gepractiseert, te weten wanneer de Compag.
221 3703 2398 3896 in Souratta alvorens vande swaere Jnes penningen
223 3867 2354 4084 cons alwesen ontlast, en op een liquide, zytsten
199 4039 913 4212 bodem 1. Jaen
1997 4044 2430 4253 Vierende
