3156 4704
2836 13 3048 177 597.
2794 159 3101 362 24f
224 457 2242 658 van provisien die den gouverneur mtens de
227 618 2345 769 oppercooplieden tet Marilpatnam, en palsacat
235 728 2382 892 in plaets van vrij packhuijs, jaerlijcx souder beben
232 780 3103 1012 de gebuten onder meer; soo is goetgevonden, die den diinkinen o: Coop:s
2429 939 3106 1029 in Rengale Jaerlijcx van
169 966 2431 1121 ordre in gelijcker voegen. voore den Cerrecteur en
2411 1014 3112 1125 soo Vel Provisin tae teliggen
2431 1079 3079 1183 Ais den Gouv. en tweede
234 1088 2198 1258 oppercooplieden. j bengale, namentlijck
2458 1142 2931 1265 Oprmandel
216 1209 2316 1362 Opperhooft tot Cassimabahaer en den becunden
227 1315 2521 1449 op ouglij, mede de doen stant guijpen, en agtbervolgen
228 1402 2454 1590 sullende de verdere oubalterne hinistersoock
244 1512 2449 1665 met haer ordinaris rantsoenen moeden te breeden
213 1624 547 1753 wesen
317 1749 2544 1971 ewijle den vervier van Ampeoeij, waer van nade
242 1856 3072 2039 presente gelegentheijt des tijts gemeent wert, dat den Eijschtn 50E. lb.
2472 2000 3070 2109 anplioen voor babrvia
231 1999 2479 2186 den jongst gedanen eijsch van 50 E Ed: Wel nut gehellen
2452 2068 3114 2214 nit Geheelte lat oldorde
227 2097 2386 2283 zal mogen wet den voedaen, door den adubEngs
253 2236 2404 2362 van particuliere met Comp:s schepen als ander
249 2338 2422 2516 veeltijts merckelijcke sinder heeft geleden, soo is
237 2443 2374 2624 hooghnodigh geaght den Directeur jn Bengale
2386 2497 2993 2673 En tervoeem hun
249 2556 2321 2736 ende den raadd: op het schieuste aente bevelen
2434 2572 3105 2705 Particulie  prieen in
224 2671 3138 2795 sulx met alle vgeur voortaen voor te komen en de bengale et te kragt
2466 2749 2759 2851 te Weere
232 2795 2301 2967 beletten, en dat om sulx te betej te effectueren
2480 2828 3075 2987 endaer toe ginder een
251 2894 2424 3073 daer jn loco, een placcaet zalo werden geEmineer
2464 2906 3121 3061 Scheep Plaaast te doen
2524 3021 2883 3126 maneren
225 2992 2338 3137 in gepubliceert soo wel tegens het brenvoer en
190 3114 2439 3259 van Smphioen, als oock jnsonderheijt rouwe zijde
244 3206 2420 3366 en jnsgelijcks mede van suijckeren, na perdia,
247 3307 2543 3536 daer mede somwijlen oock de ruijmen, tot Comp:s
2539 3379 3131 3535 Pene J Lportem
250 3446 3088 3597 groote presuditie, werden beslagen, op pane van alicorantie
262 3567 2485 3752 deportement, cassatie uijt Comp:s dienst, en verdre
249 3671 2508 3841 arbitrale correctie der schippers, en verdere officieren
264 3777 2541 3959 der schepen, namentlijck, den ondercoopman off boeck hou„
227 3902 2521 4064 dert opperstierman Bottelier schieman, en kuijper
238 3988 2518 4171 Ende welcke sodanige particuliere, goedren sullen
2178 4182 2516 4300 werden
2111 4265 2194 4438 3
