3054 4593
4 3612 150 3782 _
2800 33 3023 167 185.
2648 159 2976 360 „ 185
300 71 2330 622 Dijns dagh 5:e Julij 1678.
907 585 1537 745 Morgens
131 939 2398 1204 Eese extraordinarij vergaderingh beleijt zijnde omme
144 1110 2213 1306 met aendaght te bepiqueren, over den presenten
195 1228 2401 1451 toestandt van saecken, op Javas oostcust, soo draeght
2375 1217 2966 1425 Pelebegatie oer t
2440 1368 3069 1501 zerk op Javas oost cust
167 1350 2282 1541 den Heere Gouverneur generael, de vergaderinge
202 1478 2419 1638 voor wat men jn ons begonnen, en soo verre gebraghte
198 1546 2437 1742 werck omde over, nu voort zal bij de handt nemen,
199 1672 2409 1860 het zij dan om het selve met alle magst en pigeur
196 1817 2459 1996 ten spoedigsten wederom voort tesetten, dan wel ander„
197 1936 2248 2089 sins, om het jnde presente staet met onse beslage
202 2011 2401 2164 posten nogh soo wat aentesien, off de tijt daer omtrent
202 2146 2309 2334 jn die verwarde Javaense gemoederen jet wes ten
181 2284 2326 2432 goeden, moght mede wercken; Ende is daer op
198 2407 2345 2553 naer rijpe overleggingen en serieuse bedenckingen
2322 2433 2427 2552 —
195 2509 2478 2681 ten meesten dienst vande generale Comp:e en welvaren
201 2618 2484 2814 deses Enlants eenparigh verstaen, dat onse jegenwoor„
194 2734 2303 2874 dige constitutie van saecken, en het werck om de
192 2837 2492 3051 Oost, voor eerst nogh soo te laten, niet dan seer schadelijc
190 2969 2455 3109 en kostelijck, sonder hoope van een goet eijnde kan
194 3065 2407 3266 werden aengesien, ende oversulx geconceudeert tot
182 3172 2979 3360 het eerste voorstel. namentlijck de saecken des Eadsosute binne
2349 3293 3067 3454 de C:l„ de sousoukounangs
189 3313 2343 3497 sousouhonnangsPangiran adepattij, die jegenwoor
2390 3414 3046 3513 O Kiehiw weder met Aalle
142 3411 2200 3555 digh op Japare zij, hoe eer hoe liever met alle
2420 3483 2991 3631 vigeur rents tetten
147 3542 2425 3689 „vigeur, op nieuw wederom aen te vatten; omme hem
186 3649 2300 3799 des mogelijck, op den hroon, jnde attaram, en
195 3735 2923 3931 voorts zijn landt, en volck jn ruste te heustellenskohasar ende
2407 3902 3032 3996 Retellen des mogelijck
169 3863 2400 4045 ende den hertreckigen Troenejaja, als meer andere
2401 3968 2784 4103 te Verdelijen
166 3968 2340 4156 rebellen, ist doenlijck, een mael te verdrijven, en
2097 4140 2291 4299 uijt
