3180 4670
160 109 285 308 18
832 345 1250 539 Mej
73 479 2914 648 „ 24. d:o de flhruijten sooneromg, thuijs te spijck en Coesdijk na Javan aengeleijt . . P: 4 18
354 608 2173 753 met boven de 16000. hij en Coper bit Jaer in Japan om te staen.
2635 644 2724 729 „
349 689 1659 823 en 't fosteren d Capitael alls in hout te besleden
1623 704 1699 832 1
340 731 2185 913 niet biven de 550. baalen bengaelze zijde na Japa, oftesenden .-.
347 879 2064 1008 in alde Concquinze, bestaende in 284. picol:s - - - . - . - -
2665 895 2911 1102 „19
341 947 1055 1076 Jan 66. Picol Bnde
322 1029 2528 1142 iet Peop die vene meer als op grooter partije sal werden geadvanseert
2662 1096 2714 1197 „
357 1140 2594 1253 d' E Jacob erbrirgh geeligeert tot vervanger van d’ H:r volger als direct: in bengale
2652 1239 2934 1354 „ 120:
356 1240 2112 1349 stand DhjfumsMeijns als schinde derbengaelzo directie.
370 1339 2656 1471 den oppercoopman Matthehis Berkman, als twede bij d’ Erpeijns in Casimiasaer
725 1426 1566 1557 te gebruijcken - - - - - - - - -
348 1463 2557 1636 Jan pit als Gooede aamnittrateur naest d’ Charman serthel tot Buglij
367 1601 2432 1713 benoeinge det lasten Ensuppooszn naer bengale te fecommanderen
383 1707 2577 1847 8D martinis Jasar als Commandaer en Commissaris over de besendinge
703 1780 1458 1925 „hun gestelt
2750 1790 2959 1920 121:
367 1878 2554 1998 ’t Jariot d mobber tot overbrligh eenig nodge praadrisen nader cerlon te senden
149 1984 2632 2145 23: d:o C:mastancken de se: Jnare uijt China hier aengekomen toegestaen Nederna huij
2618 2063 2894 2220 d12
721 2080 2291 2222 tekeven on oock wel wederhiej te mogen Comen
385 2139 2558 2290 Litboeko ditinE:l nog: toegestaen een onkje naer getchin te mogen senden:—
381 2274 2007 2408 mits geen moorze off andre lleeden van daer brengende
375 2360 2464 2493 de pagter der Vilimarckt E naent surchoance tot betalinge siner
2837 2438 2935 2553 2:
724 2446 1636 2596 Jagt Phmingen toegs caen
366 2501 2278 2683 Verharinge der bevende geselte van ’t gesruijde bediu G:t andries..
499 2646 2490 2783 bodeen van 't nodige t oen Lifaieren, en dan Voort Patria Genbtmaeken
431 2724 2682 2898 2. Corgies aengehaelde Cornandeeze taffachelas bij gecommitteerd gervaerdeert
2801 2842 3005 2977 126
441 2834 1818 2954 n Vers daen, deselve voor de Comp:e aen tenemen
403 2871 2354 3083 en den fischel sijn portie daer uijt met 30 p:r C=to adlance goet te doen
422 3063 2379 3169 J labst: Vander heer Sehen stucklant: in Ejendon Verleent
400 3124 2400 3272 't scip 't goetbegin aengeleven na bingale tot Trinspert vand H:r krgr
383 3226 2348 3375 de Jigten betuise, 't huijs telleeff en zijp aengelegt daer Lena
466 3365 2619 3495 gandse Capitail naer Japan desen Jaare niet hoogen tenomen dan Op
2737 3398 2991 3548 „ 127
733 3443 2436 3573 J Jonnen Douts mettet Sianize daer bij gerekent..
417 3498 2679 3663 solutie en adtis van gere Cepenen over de niouw gewijde wigh als niede
669 3615 1840 3755 Vande verpraetsinge van't Lasaishuijs
410 3730 2563 3884 die geconsumeert, en haer Eewv: nader Coniderntien oer't verplaeten van
2739 3755 3021 3925 „130
670 3833 1724 3955 s huijs verwaghe Wert.
409 3885 2063 4039 Pominatie tot Verhieinng van Heren klepne Coligie
2810 3974 3011 4118 132.
425 4003 1408 4119 en miure Ente derselver
411 4065 1651 4240 exeept Van Eij Pusideu, nogh uijtges er
