3021 4591
26 31 212 178 172
52 185 352 414 172.
523 97 2976 618 Dender daak 23 Junius 168.
1061 561 2971 792 Naarmiddagh Extraord:t Vergaderingh
528 987 2891 1224 De vergaderings wederomme bij den anderen gekomen.
596 1206 2777 1307 wesende, soo is onder andere saecken, oock gesproken
608 1246 2947 1420 van suratta, en voor af wegens het geene bij ’t rapport h: d:
602 1398 2723 1554 van de H:r. Commissaris, en nu ordinarij raadt Willem
626 1476 2863 1628 Volger, van den eersten Iunij des voorleden Iaers, jn't
29 1494 613 1710 Op t kaspont Va dst:s
64 1571 2826 1706 Volger des voorlede reguard vanden oppercoopman En secunde Albert van
30 1706 615 1823 Jaers in ’t Neguard van
616 1670 2931 1860 Ooster wyck, als den Coopman Joannes Dacherus, aende
29 1768 610 1887 Oosterwijk en bacherus
598 1789 2876 1981 Hooge regeringe alsierister neder gestelt, aengaende hun
25 1859 394 2005 in Souratta
604 1888 2850 2113 vorige suspecte handelinge tot nadeel van de Comp:s
539 2002 2943 2161 aldaer gelyck zij na 't voorgeven van gem:te B:r Volger
602 2143 2788 2362 aen hem selve souden hebben bekent, en van welcke
593 2262 2844 2475 documenten, de afschriften, d' Efiscael van India. —
602 2379 2871 2576 toenmaels, jn't voorleden Jaer al zijn ter handt
616 2499 2700 2685 gestelt, ende waerom dan als nu ’t selve rapport
622 2602 2856 2824 wederom gelesen wesende, verstaen is d’E H:r Willem
612 2732 2624 2922 van Outhoorn, aente bevelen, omme den E: fiscael
39 2719 582 2921 d Efiscril te doen
37 2878 599 2980 Verklaaren wit actie
614 2873 2889 3057 qualter Zeeman, te jnsngeren, dat hij sigh jn't reguard
56 2948 600 3093 hij dietwegen Vermeij
76 3028 415 3128 te hebben
620 2972 2741 3182 vande 3: Oosterwijck; en Dacherus, met eerste
614 3148 2926 3304 gelegentheijt, jn raade van India zal hebben te verklaren
613 3196 2843 3371 wat actie hij aengaende voormelte suratse saecken
612 3334 2983 3489 op hun zal vermeijnen te konnen Jnstitueren, omme.
617 3453 2946 3611 daer jnne dan vorder sodanigh te disponeren, als men
622 3565 2891 3759 voor den dienst vande Comp:se zal best en nodigh —
608 3711 996 3886 aghten.
709 3778 2875 4107 wijle de savaente hofden van Teinghotbe, en
582 4027 2822 4223 andere onder horige dorpen, hier aghter Batavia
2520 4182 2840 4300 klagen
2905 0 2963 61 1
