3171 4610
44 732 115 823 1
2908 32 3089 200 451
2744 171 2992 358 451
722 449 2138 648 den te besonten mo
638 612 2098 780 nena
296 699 765 898 mojnede
826 737 2367 918 ie  wesen d dermatioen
2604 687 3164 890 G selbrock dor on
2604 858 3152 966 Maijor Loleman, bj
396 890 2425 1054 ean e dies saack afs een axtraanduarij sig
2596 923 3145 1041 dese ooster besorgie, als
2597 994 3163 1091 een Exg: let in Rade Van
332 1004 2432 1185 dehoorde assmeert ten werten, als oen man des
2584 1055 3086 1180 Indiate Assumeren
2582 1091 3114 1234 om dat die d'e xentie
302 1070 2228 1315 noijt aan ouragie hadde tebrooten, en diend
2315 1180 2602 1339 t
2600 1206 3098 1302 van 't wek oock selve
2578 1241 3010 1415 Souw bijwoonen
1014 1171 2300 1455 End, dat sen ijnkeoegn datr voo
313 1326 1083 1505 baagen dos El
263 1461 2173 1728 deke vooren st aens behrijffeide propptigen
290 1621 2228 1865 teen haaden, den en amermael met andagg
480 1740 2362 1996 hen en deerngen westend f op best vijn
379 1890 2266 2143 hnders eke aen d Continan op p lagts
320 2032 2295 2279 sonne van tend ooete, omnedngte
396 2157 2514 2421 saen Boloman en die cmpatante asoingiss
376 2315 2550 2570 in daer ov us 'twecke en silven been bijmonen
333 2445 2496 2719 1n Phipen utpsren naepane alteen paop: siten
321 2596 2411 2861 in deien haade te afekungen, en sijn gerijs dan
292 2786 2409 3023 beendig zy en op dpot on vast g ren
279 2914 2326 3162 /:hnsten de poren, en te opproeen  dat bij
283 3026 2476 3296 onk alsoo door  partogel bijwoninge van onzen
277 3205 2509 3433 deon ontonpisie n die pooonaej den wigtige
298 3383 2463 3569 taaken voor srt vande ouipag tnscg megt
271 3530 2508 3714 wvesen gestenke en beig iweeke dan nagodano
2535 3552 3129 3716 t Welk bij d Hiren Voed
2540 3687 2891 3830 Joetgekeurt
304 3629 2438 3878 omimprageseenparige zodanigh voor gote gekeust
320 3750 2623 3982 dnde, zoo is dae oe aeen selle den ben gewoeteel
2200 4002 2567 4191 Emajor
1658 4294 1729 4411 5
