3021 4669
21 -13 280 121 270:1
24 127 373 331 2.70:
2378 353 2498 477 58.„
704 558 796 672 d
1608 636 2011 775 ndiab d
709 735 912 878 d gede
1461 930 2333 1060 ba
798 937 1320 1069 ln
680 1033 1210 1171 voedens dn
1692 1034 2372 1171 iant d
791 1129 1257 1258 n
1670 1136 2610 1275 ijij bnen
817 1236 2747 1360 nntie alle sulcken oederen, en d
670 1335 2843 1475 aoditalegrati die delve uead
697 1439 2532 1596 den baacken n vaero van de besntigeaelebai
660 1521 2769 1698 bandens ten dsamenteyck en jder Jnteysender sijn e
717 1603 2733 1809 eld ejlen: schenelijck de soppen een doorgaans tep astondeoe
669 1708 3038 1927 seen om alle sodanige mck cquen voort komen genuijten n
659 1898 2586 2148 ac guj sinet dt hj t en
633 2044 2824 2254 borgerijt inde sonde nogh kuijn 3000 dicels bpiaul
-3 2174 623 2332 t spiante vand’ borgerij
602 2217 2756 2363 souden boonst, soo is niet ondiens ziol geagte oe
3 2317 633 2413 in de stadt alle voor de
8 2375 558 2475 Comp: over te nemen
708 2331 2830 2585 altijde bedenen, het seede keld voor de Compag=t
9 2443 523 2564 tot 8. Rijxd. 't picol
634 2463 2810 2705 aentenemen te weten soo het tegens oolt bijd: tdic
625 2616 2843 2852 kan werden bemaghtigt; do Boopomed; sullende
-20 2774 520 2969 off anders tselve
646 2759 2831 2984 andersende werden geliconteert, desselve te mogen
15 2902 633 3010 tigentieren tot uijtsoer
496 2980 603 3061 L
0 2969 505 3089 na Javas oostcust
657 2924 2840 3163 etweren nae de Iapaans oost Just bj Elders daer ’t
652 3069 2783 3275 deperntteert In„d dogh niet naer bantam, of andere
6 3120 605 3377 Wnde Peden
641 3200 2777 3424 plaetsen; van waer het divectelijck naer souiasta, en de
-11 3353 565 3495 off elders omde west
649 3328 2675 3593 verdere Custen van Jndia soude Connen vervoerd
641 3483 1490 3691 werden q
624 3674 2733 3906 gisderen wiert ons p:r Expies vaertuijge van
-7 3830 2799 4048 Felaee adadris van antam toegewacht een missive van onser besiene
-14 3916 562 4013 onsen sesident Caasf tot
-2 3981 652 4093 bantam Wegens 't gepasseerde
-4 3978 2890 4174 met den order Coink Willenm Caafs, net advijs dat zij, sedons de Engelte„
2552 4156 2823 4340 ftanoe
