3103 4542
45 -5 216 137 70
2601 186 2768 291 d
125 148 297 357 10
643 476 2817 676 „inden dagh 29: Mart 1678.
623 1068 2660 1262 D Heeren raaden van India Laurens Dit, ende
509 1206 2912 1363 „Anthonij Papilioen, Eenige dagen voorleden, mits d’absentie
664 1350 2915 1468 vande Hr. Directeur Generael speelman, gecommitteert
671 1432 2813 1600 geweest zijnde tot het verkopen van 91:' packen
180 1413 381 1601 6
583 1512 2995 1708 diverse geschiederde kleden, nu als een geruijmen tijt s
683 1647 3012 1828 bij de packhuijsen jnvendibel hebbende gelegen, rapporteren
74 1668 653 1810 Rapport van de Heeren
77 1771 666 1878 Pit en Parilioen wegens
674 1777 2965 1899 als nu jn vergaderingh dat deselve kleden bij openbare
104 1840 698 1949 den Verkoop Van 91. packen
87 1902 638 2035 Invendibele Cleeden
676 1874 2893 2062 venditie nogh 50/3 p:s C:o winst hadden gegeven, zijnde
672 2000 2977 2160 ten aensien van Jaere ongewiltheijt nogh al een redelycken
661 2097 2893 2288 prijs, waer van goetgevonden is bij desen notitie te houden
665 2202 2916 2377 en oock mede dat de boven gemelte Heeren pit, en
666 2364 2850 2513 pavilioen bereydwilligh aengenomen hebben op de
27 2356 724 2525 Eenige Europi de Chamerij dn
80 2462 2818 2571 ten overstaen van genedselve wijse te verkopen, de Cramerijen onlangs
63 2541 615 2633 Heeren mede de laaten
82 2599 379 2718 Verkoopen
649 2554 2923 2703 uijt het vaderlands hier aengebraght, ende waer mede
662 2654 2950 2798 verstaen is. hoe eer, Toe liever, ende nogh voor de komste
605 2784 2809 2920 der vaderlantse schepen, zal werden voortgevaeren
2815 2817 2892 2926 1.
638 2902 2844 3055 soo om de meeste winst daer op te behaelen, als om
652 2997 3010 3174 de particuliere die sodanige goederen mogsten komen.
650 3108 2844 3286 mede te brengen, de voordelen te ontletten en de
651 3268 2846 3420 alsoo de list te benemen, om dien handel tot nadeel
655 3320 2187 3510 van ’s Comp:s vertier te vervolgen.
647 3508 2831 3698 Is jn vergaderings gelelen, een verklarings nopende
44 3516 523 3688 Verklaringe van de
65 3647 525 3739 Obiquaemheijt vand
519 3586 2892 3800 de gestaete van het ffuijt schip Duijnvent luijdende
60 3708 498 3839 fluijt duijn Vlt
651 3714 1108 3884 als volght.
626 3815 2906 4126 Teroedre van den Ed:e Heer Rijckloff van Goens.
590 4065 2912 4197 Gouverneur Generael van't Vederlandts India, zijn wij onder
2668 4189 2860 4327 gesz:
2921 1083 3013 1219 „
2987 3054 3086 3180 „
3012 1412 3113 1528 5
