3185 4662
85 245 168 377 1
1010 319 1450 627 Lilij
341 574 3042 739 Edes bij als Commandast perbetert tot 150. gl: smaents - - . . . . . f:o: 226
136 563 367 742 15: d:o
374 709 2619 821 de stucken van d’ Elobs, hem in copije toetesenden, om sijn verantwoordinge
2710 724 2825 891 „
765 771 1318 894 op te konnen doen
2750 870 2803 965 „
250 843 2446 1000 Domimicus van Vorsten Commandeur der Landen van Colombo
295 950 3070 1084 en willem Vander molen Commandeur Van hale beijde met 150: gl. Smaents: „ 212
332 1061 2641 1166 tangh van van Vorsten naes den secine d’ Epije, en d’E vander moten
2735 1146 2821 1234 „
725 1112 1535 1244 Naest van Jors Lin
372 1178 2766 1362 het opperhooft dirck de Jonge, en den sinne Gillis gossens uijt siam Herwaeris
2739 1285 2874 1420 „
2485 1315 2579 1442 b
1194 1327 1302 1403 2:
742 1311 1143 1427 op te foepen
399 1359 1654 1516 om diverze suspectesaeken te verantwoorden
2749 1405 2867 1520 „
149 1442 2637 1612 _ Voorstel van Heeren schepenen tot verplaetzinge van’t traishuijs aende
715 1574 1596 1716 Mont deantchiolze Hivier
2732 1551 3024 1723 „ 218.
374 1638 2647 1801 en Tesolutie nu sulx niet communicatie ver begecten van ’t Lazavushuijs
732 1762 1746 1887 te mogen volbrengen - - - - -
2718 1763 2806 1892 „
386 1834 2063 1999 te meer het buijten lasten van de Comps sal geschieden
365 1941 1776 2093 en een groote gerustheijt voor dese stadt geven -
2741 1913 3030 2107 „219
179 2077 3043 2227 15: d:o Johanna Coppenburgh Wed: van kina, Maijop tepuduum des boedels geaccordeen„ 220.
369 2152 2739 2293 den ondercoopman Samuel poijbellean met zijn Huijsvru Licentie na 't patria
712 2263 1098 2381 geaccordeert
355 2339 2809 2491 dE Isaac S:t Martin tot Iapara gevordet tot Commandeur met 159. gesmanets
684 2438 2324 2593 _n 20. Ho. Costgelt. - . . - - - - - - - - - - - - - -
2730 2420 2852 2582 „
395 2520 1911 2702 Capt:n ftancois Cack verbetert van: 80. tot 100. gl
2749 2554 3040 2678 „ 221.
355 2611 2611 2799 op eenige tijdinge van armatuie der Chenbonders tegen den Saiinadanger
361 2760 2758 2901 Is goetgevonden den Coopman Jacob van dijck aenden pananbahan van Bheribon
2722 2770 2819 2970 „
735 2844 1270 2992 tecommitteren
1316 2884 1642 2964 --
360 2897 2771 3075 om hun van alle vjandschap tegen den Taimmadanger En andre des sousouromans
744 3036 1898 3189 en Comp:s onderdanen Notemarien
2817 3123 3024 3260 222
373 3116 1459 3303 off dat Wij sulx niet sullen gedogen
2747 3243 2822 3375 „
386 3209 2649 3387 met veisekeringe anders van onse goede Intentie tot buste des Lants - - - -
194 3353 2729 3483 zo, den Coopman Aernont faa in plaetze van dirk de Jonge geeligeert tot opp: hooft
694 3458 2532 3590 Van sam, En gevordert tot ofpercoopman met 70. gl
2730 3469 2802 3557 „
362 3501 2325 3678 Aan den ondercoopman Alberl Hopman, scaunde van siam - - - - -
2718 3624 2830 3760 „
350 3601 2153 3787 dogh in fangh naerl: het ligois opperhooft Jorn:s Braekel
349 3721 2767 3881 de schepen tampzon, Voorhout, en waen met Partije Inlandz militie voor aff
2820 3791 3034 3983 223.
702 3836 1477 3989 na Japara tesenden - - .
1630 3851 1930 3955 . . .
173 3905 2559 4093 _ een stucklant tot Verplaetzinge van’t Lazarushuijs bij antchiol gekocht
746 4027 1303 4177 Voor 2700. P.
