3188 4734
174 178 341 373 1
1076 318 1540 527 Junij
115 465 2601 681 d:o versoek van d’ EHarman clencke tegen Corn: Bevenbergh tot Expeditie
623 613 1463 734 van seher Proces Infestisie
357 674 1615 853 Wert aende faet van Justitie gerenvoijeert
326 785 2610 946 den anachoda van 't Cantonzo Coninx Jonck met eenige Peper, en andre goederen
19 825 201 932 „ _
627 884 1716 1026 tot sedelycke prijsen te Accomoderen
338 975 2465 1084 Om dat ons sulx in China bij gelegentheijt Wederhand testade komen.
324 1062 2605 1205 Jagues Nicasius als kotler der portugeeze buijten serk bij kerhmeesteren te
636 1183 908 1312 gagieren
323 1221 2575 1406 Genrick Crieke op sijn versoek sijn Hagie te doen zeseren, tot weder in
726 1357 1403 1488 Enploij komt - -- - -
374 1430 2506 1567 otten Japancen handel niet meer als 2. a 3. ondercoopluijden, en 14. â 15
266 1405 392 1613 E
691 1543 1624 1664 Adbissenten te gebruijcken - -
348 1606 2465 1780 drie Coopluijden behalven ten Eschaagen d’ H:s Lasat ter adsislentie naer
682 1735 1334 1871 na toegvoeght
342 1818 1675 1975 Item 4. ondercoopluijden en eenige adsistenten
340 1918 2622 2069 alle den Voorraet van barnsseen en bloetcorael aer China tesenden; om du
674 2018 1207 2161 quijt te Worden.
334 2101 2540 2229 d’E Joan bitter wetsenden van diamanten na 't patria op d'ordoe der
702 2212 2119 2374 hderen Mr door den fiscael te doen aenspreken.
299 2281 2295 2465 en hen onderwijlen uijt den kaet van Justitie te doen ops taen-
280 2422 1982 2588 Simo sijn Vrboghte Voijagie naer aetchin affgeslagen.
114 2431 299 2602 10: do
322 2543 1930 2648 Nebrantgans nogh mede naer Eoina aengeleijt
343 2626 2131 2753 Kominatie lan Officieren derborger schutteje deser stede
393 2712 2135 2887 Econtinueerde, en nieuw Verkore borger krijgs officieren
349 2826 1717 2935 Jten ieuw Verhoore Wijchmeesters
368 2939 2116 3054 op 't versoek en Voordragen der ieeste Eineze Ingesetenen
55 2929 333 3073 „ 14: d:o
352 3021 2341 3147 Js tsoa Wanjoch tot Capt: der Chinesen te deser glede Verhooren
2689 3020 2762 3136 „„
341 3109 2703 3251 Jten limsitaij tot luijt: en litsoeko tot Vaendrigh van gem: souiezetiatie.
2690 3124 2752 3257 „
352 3251 2714 3392 Houde soubanghs onder de gemeente alhier In te koopen tot 10: VE: 'tstuck, mits
65 3263 133 3387 „
664 3323 1925 3462 het gelt bij de Comp: op Intust latende
2671 3371 2764 3437 17
371 3382 2597 3580 omme daermede op Cornandel desware schulden te laten Affleggen . - -
95 3566 2605 3666 17: d:o den Coopman Jan Van leenen van Balembangh ook te Committerrij totte
686 3614 2065 3766 Vis,te als Commissaris of Jambij - - - - --
387 3700 2202 3812 en daer toe de Chiacoup: d'orangieboom derwaerts te senden
385 3782 2719 3934 den paghter der dagts Canglauw in surchdame tot betalinge sijner ’t agtpem:
738 3903 1183 4027 Baocondeeven
399 3938 2194 4090 Item de pagter der Wischmarkt quasionig, nogh een maiie
404 4065 1762 4227 maerde pagter der Perbergiers affgewesen-
382 4161 2638 4321 de baljers, en maleijers deser stede met d’ E:r speelman nn d’oost geweest hebbende.
2693 3923 2764 4022 „
2581 480 3051 738 1:146
2609 710 2674 809 „
2594 886 2674 979 „
2609 959 2896 1087 „ 147:
2614 1553 2705 1665 s
2636 1711 2934 1882 „ 148.
2733 2197 2948 2374 149:
2747 2344 2940 2457 150:
2744 2435 2955 2581 151
2750 2750 2961 2859 154.
2762 2849 2946 2949 155.
2772 2932 2976 3077 157.
2760 3136 2951 3296 158.
2708 3585 3075 3745 „ 160. —
2765 3945 2969 4098 10
