3165 4546
-4 3854 174 4042 &
2898 24 3090 193 119.
2829 209 3008 395 119
14 247 161 448 5
44 358 2540 585 . zij te beneficeren, en voorts vande 266: picols hinese
107 565 2485 750 . zijde jongst uijt hocksieuw overgebraght, eenlijck
-6 578 3093 839 _. 66: picoes, latende de overige 200: picol hier vers en 60: L: Cinck
257 777 2517 920 blijven, omme voor ’t Vaderlandt te dienen; dewijle
263 905 2417 1055 wij met de gewese japanse opperhoofden, als de Ed:r
276 1008 2459 1151 Extraord: raadt Joan:s Camphuijs, stem d E:
245 1114 2424 1309 Martums Casar, en Dirck de Haes &:. van ge„
248 1213 2488 1425 voelen zijn, dat mits de presente gedwongen taxatie
4 1255 170 1367 nd
2457 1257 3096 1452 met hopeop die Cleene
218 1280 2282 1513 der tlangazackise gouverneure, bij sodanien
2465 1412 3121 1529 miet als op groter partije
252 1429 2488 1606 kleenen aenbrengh, meer als op een grooter quantit:
2490 1480 3138 1639 sal werden geadvanteert
245 1540 2542 1710 zal werden geproffiteert; en oock om de Iapansetregenten
157 1596 2448 1800 daer mede te beter te doen sien, en blijcken, dat wij
209 1769 2415 1922 door sodanige schadelijcke maniere van taxatie
249 1864 2400 2034 en lage prijseringe, onser goederen (gelijck het jnder
228 1932 2358 2174 daet waer zij) langs hoe minder met onse negotie
246 2054 2023 2253 aldaer, konnen bestaen, en behouden blijven.
230 2191 2455 2451 Haer dien den E: B:r Willem voegen, op 17:e des
229 2354 2362 2535 voorleden maents, voor aff; al zij aengeschreven
228 2479 2452 2623 sigh te willen gereet houden, omme op onse nader
241 2564 2493 2749 advijsen, herwaerts over te komen, en volgens ordre
230 2686 2469 2861 der Ed:e Heeren. 17:en bij haere generale missive
252 2786 2343 2968 van den 18:e october 1677: uijtgedruckt; de hooge
257 2890 2467 3042 regeringe alhier als een permanent ordnarij lits
251 3016 2452 3197 bij te wonen. soo heeft des Gouverneur generael de
252 3122 2477 3304 vergaderingh althans voorgedragen, met wat voor
247 3228 2429 3407 een bequaem, en capabel, minister men zijn E: best
239 3321 2527 3495 zal doen vervangen, om ’s Comp:s saecken, en Nregotie
238 3454 2479 3586 jn dat rijck, onder die wispelturige mooren, met
236 3558 2499 3714 allen ijper en vigeur, voort tesetten, en te vervol„
220 3627 2417 3801 gen, waer op dan, naer aendaghtige deliberatie
209 3731 3043 3919 met een parige stemmen, is besloten, en ten meestend'Eoofdmbogh
230 3854 3062 3970 dienste van de Comp:s gearresteert, wederom tot pligeert tot vervanger
2421 3960 3122 4064 Van d' Hr Volger, als directeur
125 3942 1424 4139 directeur jn Dengale te
1402 3972 2753 4169 tligeren, en te inbeigal
2137 4107 2343 4257 ver
