3066 4500
8 2880 81 3032 5
879 49 1894 485 Wee en
11 394 233 611 :
216 482 2589 684 d:o derhooitmaeken Paper behelfn met sijn trouw en fanielde hat pet
591 595 914 706 Verlorf
2562 578 2915 733 8: 418.
290 648 2485 847 de wed:e Johanna pellens mede sicontie na't patria Nerg: nt Conder
586 771 1380 898 betalinge van Lostgelt
2520 789 2660 912 „
290 852 2462 1018 densagerbaren zoon: Vijvers met zijn Vrouw, en famielie, passag
587 956 1598 1109 vgunt naer bandie - ..
174 1013 2705 1183 Pchan daerbenedens 1300. lx. terleen toegestaen, ommt in bandate testitueren
328 1168 2587 1317 de pagter der Herbergias buijten det cadt een maent dsilstant van pagt
596 1242 1750 1379 geaccordeet tottet binde van ’t Jaer.-
335 1360 2695 1489 den pagter der Hivier anchee op dijnklagten mede uijtgestell tottet eijnde van 't aer„
249 1457 2761 1569 „ maer't versoek vane pagter der Herbergiers biemen de stadt, 't eenemael affgeweEn: 11. —
42 1553 2579 1703 — v: noorse factoors Wegens Eenige negotianten op Cormandel nogh tot Malacca
718 1643 1178 1765 femorenen
2554 1621 2936 1825 „ 419
327 1696 2467 1915 binen den tijt van 24n dadde ule van dalr te doen Eerhuijten . . . . .
2594 1821 2666 1906 „
351 1826 1706 1985 en bulx na Cormandel nde te tlotificeren.
154 1872 265 1965 e
2573 1895 2701 1982 „
350 1930 2591 2091 d’E Jacob van den Weijen op sijn versoek tot Commandein der Keouikloot
662 2059 1111 2185 genomneert
2599 2103 2684 2218 „
359 2105 2722 2330 ’t schip amnedica nogh tot d'eerste besendinnge voor de camer Amisterdam aengeleijt„
366 2265 2654 2414 en de schepen Macassar, 't huijs temerwe, en gelebeer tot de Laes te
709 2356 1462 2501 besendinge geprojecteert
2620 2401 2711 2542 „
361 2450 2950 2632 desen Jaare geen Heeven over ’t ponct van mesnagie alhier testellen . . . . - „ 420.
356 2596 2741 2745 ondootmen daer u Een tijt Herwaeits alomme genoegsaem in heeft gelabo: . . dt „
325 2685 2761 2824 maer toekomende Jaer als den faet Compleet is salmen daer wet om dan e. . „
317 2814 2694 2981 d P:r Joan Camphuijs tot Commissaris over de verlossinge van ’t volck na t
667 2910 1585 3060 Vaderlant gecommitteert
366 2989 2123 3212 nevens dE majoor, en ’t opperhooft van ’t boldj Comptoije
315 3116 2941 3342 den H„: Coopman Albert van breugil in pladts van d’'Handenbolk schepen deser stede „ 420.
61 3101 337 3330 di
346 3256 2400 3426 t Jagt voorhout uijt de straet Punda op te loepen, om te timmeren
344 3390 2315 3546 en de fleuijt spanbrork tot nader ordre daer alleen te laten kruijsten
332 3518 2475 3669 desack van den agtterstalligen boedel, van den overleden Jambijzen teident
654 3606 2433 3775 Herritpot, aende faet van Jussitie over te gesen . . . . .
328 3731 2538 3871 ’t versoek van de schipper van de gesruurde keuijt maua Jan hen, om zijn
576 3864 2353 4002 prenie voor gedae uijtrijse aende Heeren Mr. geresideert
2560 3933 2932 4073 „ 422
303 3911 2378 4129 vande gebonde to1s gespieende soldatan vooreest, 9o aan te doen verlossen
356 4057 2382 4165 en de gesonde mannen tot Continuatie, off nieu Herbant teammeten
84 4155 2382 4339 —1. de 2 Comp:s buigerie desen stede voortaen samen een Chrigs: taet te Houden
