3156 4704
221 169 429 361 30
120 331 211 474 „
1073 341 1774 564 Migustij
312 533 2567 754 der kopen dat bantam 't keght, en besteder mastatamze princen
2664 469 2905 748 104
63 617 228 767 298
616 677 1184 795 mede sal voorstaen
2610 723 2691 816 „
318 710 2187 881 den Jongen sultsan Galmen eers t onsomeijninge voorstnden.
2629 843 2777 952 „ —
335 804 2583 964 om te ondervinden off nodig: is bij den ouden na Gntiassa oock te han bf nie
2621 915 2741 1043 „
338 920 2248 1086 overtsfdelen der slapen onser Ingesetenen mede erpstigh te klangen
2686 899 2903 1143 300
2058 1057 2119 1155 —
334 1006 2075 1167 C: Candijck bal 't Comtoirbantam ook nadirk seven
2616 1130 2713 1234 „
356 1149 2534 1257 8000. p: tealen tot betalinge der schiuden als anders verspaerts te sondent
118 1117 216 1278 5
2572 1182 2922 1350 1306
355 1246 2397 1390 t E80en out uijt het Laderlant affges:t Bierten besonden. - - - -. „
96 1249 320 1413 30: d:o
2603 1325 2734 1436 1
349 1362 2177 1496 't schip uropa nogh mede aengeht voor Zeon
2265 1353 2346 1458 „
2618 1424 2689 1520 „
361 1415 2252 1556 ten eertenende Lanneer duedt Weder herijaerts te komen
163 1488 294 1552 —
2621 1507 2813 1643 „
363 1494 2255 1672 den predikant Joan Fedrick Stamphins naer Leilon beroepen.
345 1565 2603 1752 dan: Iavins op Jaffaapatnam om als enn perignene seever Berraents
2623 1625 2946 1781 1„ 303
654 1680 2253 1791 over tecomen of daer te contineeren utene te gesieo.
201 1786 2494 1902 den Coopman Bonn van Ame in praets van d' E Huijseman opperhooft op
2651 1831 2746 1938 „
622 1882 1057 2002 Tbicorin
2671 1948 2766 2032 „.
355 1949 1669 2075 en geadrancdert tot opperhoopman met 80. gb:
2499 2063 2596 2156 op
325 2032 2462 2169 ielem van dam off Pieter van sonneneel in sijn plaets weder tweede
712 2171 1187 2281 nagupatnam
2700 2215 2985 2351 „308.
383 2205 2336 2378 en Connevelt daerbij te advancoren tot Coopman mer 60. gl.
384 2344 2677 2477 Capten Barmen diepp Wanderpoel desave van Colombo met 100. gl: smaents.
398 2424 2782 2564 Jacob Huijge ns tot admints trateur op Colombo onder dE van Corsten met 60. gl „
407 2562 2575 2712 de princijulesaeken van mallabaev: d’ E huijsman bij Instructie apart
2694 2603 2994 2775 „. 389:
744 2651 1174 2790 aen te beselenn.
209 2705 2653 2891 — en al de ontfange tapieven tot Laste van d’ E Tobs hem toe tesenden, om zijn
704 2825 2084 2958 Verantwoordinge dat: en hier op te konnen doen
1050 3029 1724 3459 Sele
173 3396 2613 3558 2: d:o verboek van den Command=r Dugo, om goetdoeninge van kostgelt; zedert
2743 3497 2986 3652 318
630 3519 1922 3698 den tijt dat hij op Mauritius is gereel P.
397 3615 2112 3786 wet met die petentie aende de Mr: gerenvoijeert.
424 3760 2719 3882 6 opperhooffde van 't schip d: Europa Voor gedane uijtreijse wegen de zamer
670 3830 1933 3977 amsterdam Valle pene toegelejt:.
422 3931 2652 4109 31. s kicken onsegugem metaal Canon, en bassen Voorballast na 't patija tesenden
409 4052 2612 4168 den oppercoopman Heemer Vosbingh geeligeert tot Verantwoordinge, en
2819 4130 2961 4248 11
635 4170 2382 4323 bevestiginge van sijn Vooresten na macabaer tegaen
222 617 294 783 1
