2979 4677
23 -11 257 144 288.
70 133 329 340 288
2313 283 2451 495 1j
6 538 2602 793 dithoulwerk haer menen Eersten boe mogen geschieden en was we
9 692 538 786 toe van Mallabaer te
22 748 276 876 bestellen
598 759 2778 912 gerequireerde houtwercken, diemen vandie niet han
583 884 2790 1125 bestellen naer mallabaer, sullen werden geordonneer
585 996 2851 1210 de besorgen, en daer toe apparend een fteuij dver malacca
576 1172 2829 1403 werden gebruijckt, om met eenen dan de laet aercomende
585 1297 2796 1507 nieuwetarive Herwaerts overtebrengen, en d’andere
539 1450 2843 1672 kosdelijcke sclepen daenae soo lange niet te doen vertoeven
570 1612 2815 1804 maer om Eenige nieuwe kiunneragie aen de logie in bouwmls
3 1596 568 1801 Maerd Timnuragie
1 1784 573 1866 Aen de logie in Souratta
5 1837 587 1965 Voor als nogh te delinerdn
589 1729 2715 1967 te doen, dat is best deaght, nadien de lasen van bouwagie
557 1904 2798 2155 doorgaens allomme vrij swaervallen, voor als nogh te
566 2057 1046 2223 declineren
-5 2253 549 2446 d Indire Eijsfchin voor
574 2203 2673 2521 soo mede is goetgevenden, dat de voldoeninge der Indipheg
-8 2412 537 2505 die vant: Vaderland te
10 2463 229 2585 Va doen
588 2396 2855 2676 Eijsfehten nogh alvoor die van t batria moeten werden gepreserecrt„
560 2551 2847 2759 om daer door Comp: weele fous alhier te sonforceren
562 2686 2850 2939 gelijck oock in den Inkoop en ontfangh der goederen doorgaens
568 2840 2809 3070 met alle Sijcumspectie naerstigh bal dienen gelet, en
-16 2916 534 3101 her geen doeken dan die
-3 3072 501 3169 de behoorlijcke Wins
488 3076 548 3150 t
557 3018 2801 3226 geen doecken voortvaderlant aengeslaagen, dan die aldaer
-6 3137 495 3233 Geven door 't Zatria
-10 3201 304 3333 aen te staen
553 3170 2864 3405 naer de bevindingen ten minten 80. ƒ 80. pers= advande
534 3335 2820 3526 komen te kinderen, al souder oock selve weijnigh ofte niet
570 3525 2778 3723 voor werden geprocureert, gelijck mede de ariaze tetitie
565 3665 2708 3896 van 50000. lb. Jndigo, om de Jongist behaelde podere
0 3678 530 3831 Aan naer 30 P: in
14 3796 541 3896 laets Jan 50 P El
12 3867 211 4015 Andiga
569 3812 2701 4058 winsten tot op 30000. lb: sal geordonneert, werden
553 3948 1233 4166 te verminderen
2384 4080 2821 4285 Sillende
