3129 4714
49 12 259 155 242
142 254 382 408 248
645 506 2800 693 en verdere Emolumenten, nevens andere fenieten
612 662 2749 867 dese vergaderinge allange, en dickwils gemeditert
621 803 2727 960 hebbende, over de gehuirde schepen, die niet geove
643 910 2835 1053 wjaren uijt het Vaderlands herwaerts overkome
631 999 2727 1131 en soo swaere vragst gelden komen te verdienen
637 1123 2914 1254 soo is deselve van eenparigh verstnt, ende nemen aen de
41 1144 622 1311 D Heern Maijores in
643 1196 2707 1368 heeren meestersn judl Vaderlandt jn bedencken te
43 1280 643 1382 bedeucken te Geven dat
645 1305 2936 1441 geven, dat de Buirschepen, voor het jntrest vande Comp:
32 1347 596 1452 de stuurschepen voor de
41 1412 543 1506 Comp: schadelijck
635 1385 2819 1586 absolut schadelijck werden aengesien. jntonderheijt bij
35 1482 537 1606 Geoordeele werden
618 1496 2751 1645 dese consuncture van tijden, dat 'er ruijmte genoegs van
619 1645 2698 1789 s Comp:s Eijgen betour schepen jn't Landt zijn en
623 1750 2761 1905 komen, en aenwelckers overblijven nootsoecklijck
629 1825 2701 1982 dick wils, mercklijcke jntrest komt geleden te
651 1955 2941 2110 werden. te meer men noge voor eerste, geenegpoot getal.
13 1977 2833 2212 in dat ook de Reer derselver met getouren zal konnen afsteken, behalven
24 2108 638 2218 nu voor eerst iet groot
23 2164 598 2299 sullen Connen Vallen
622 2144 2833 2318 dat oock een wijle herwaerts veele schepen uijt het
625 2222 2290 2412 patria, seer wanladen zijn overgekomen.
726 2589 2759 2807 Batavia in't Casteel datam als Voren
2085 2768 2725 2974 Pangorns
2055 3089 2778 3288 CornenSlmarij
1910 3386 2884 3632 H: van Buthuope
2696 3610 2864 3710 E.
2093 3681 2842 3853 Joan Campruus
2175 4050 2278 4209 1
2293 4091 2517 4271 n
1765 4526 1836 4630 d
3010 1131 3059 1208 1
