3123 4607
-5 4297 155 4426 e
2852 18 3035 162 35
2805 173 2992 348 95
1222 224 1596 402 P
176 234 2442 611 Maendagh 2:e Maij 1678-
593 571 2113 767 voormiddagh Eagraord:s Vergaderingh.
202 903 2552 1121 Alsoo de Bantamniers na verscheijde advisen en schere
249 1028 2500 1172 rapporten hun niet en ontsien onse Landen. hier boven
238 1149 2430 1316 ijnde Eurisdictie van Taccatra, te door stropen, ende
235 1270 2501 1412 ’s Comp:s onderdanen. en bondtgenoten jn deselve tot op
229 1368 2427 1556 de rivier van Cradwangh, toe; alle gewelt, en
227 1503 2423 1643 feijtelijckheijt aen te doen, is als nu goetgevonden tot
254 1623 3076 1776 voorkominge van die jnsolentien, en tot beveijligingh tot bereijlinge onser
2469 1734 3077 1829 Jaaatrazelanden een
232 1731 2337 1906 en bevrjdinge onser Landen, en jngesetenen, een
2469 1808 3074 1904 troep Van 200. nederland
2467 1861 3043 1960 en 3. a 400. Inlanders
234 1820 2395 1982 troep van 200: inderlandse militairen, en voorts
2453 1921 3074 2014 naer maraberis En
2471 1974 3097 2094 tanjongpoura te lande
240 1964 2446 2118 3 â 400: soo baleijers maleijers, als Iavanen metten
2483 2046 2829 2186 op te sonden
234 2068 2493 2198 eersten te lande op te senden, zuijd-waerts aen na
235 2195 2309 2350 Maraberis, en van daer oostwaert op, na onse
191 2274 2534 2466 vestinge op Canjongspoura, om dan alsoo door de kortste
237 2426 2352 2580 wegh weder herwaerts te komen, en nietter tijt
232 2522 2481 2704 deselve regst toe na derwaerts, heen en weder te
242 2637 2463 2787 banen, ende over welcke waerdige troep volcks
236 2746 2502 2895 om onse jntentie die nader bij jnstructie sal werden
257 2839 2494 2988 verklaert) te beter uijt te voeren, tot hoofden zijn
2459 2906 2952 3059 onder de apiteijn
242 2959 2476 3089 gestelt de Capitanen Willem Bartsinck, om
2453 3013 2978 3163 Harts: C en iil
235 3074 2385 3240 de ederlanders, en fredrick Hendrick uller
234 3187 2570 3356 om de jnlanderen te commanderen, en met malkander
223 3297 2487 3459 jn alle voor vallen communicatieff tegaen, sullende
241 3415 2259 3567 eghster Cap:. Hartenck, als de nederlanders
241 3491 2504 3682 commanderende de voorrangs behouden, ende hun
227 3641 2546 3784 beijde aenbevolen werden. soose onder wegen Elders
241 3741 2978 3933 in Compte. gebiedt eenige Bantammers moghten dvantrnmiens bij
2468 3851 3075 3968 ontnottinge te Insinu
237 3851 3064 4044 ontmoeten; deselve aenteseggen, en te Insinueren JJ, dat zij door onse
2492 3978 3044 4092 esdectet met mien
215 3969 2763 4163 dat zij onvermogens zijn volgens 't contract vanden passeeren
2297 4138 2475 4246 10:e
