3114 4485
208 -84 286 75 1
439 223 2530 653 Sonderdagh 3:e April 1678„
254 992 3028 1225 Dedelibereert zijnde op de ontfange versoeck bsomgies over de
2489 1200 2833 1316 Wistlus
267 1153 2471 1341 schriften, van eenige dienaren bescheijden op de Best„
258 1261 2527 1432 custt van Sumatra. soo is goetgevonden ende verstaen
128 1415 2472 1624 den ondercoopman Arent silviese, althans als opperhooft
2464 1469 3029 1667 den ondercoopman
256 1589 2360 1779 waernemende den Handel tot Daros jndeselve
2456 1589 3092 1735 rent sijlvins op baros
2395 1670 3079 1816 n350. gl sonder Verbant
247 1722 2474 1875 qualiteijt toe te voegen, een tractement van 50 guld:
243 1773 1450 1941 ter maent sonder verbandt.
245 1951 3083 2178 den steijgen meester jnde sillidase goutmijne Ian de graeff: den steijgermeester
250 2098 2514 2246 te avanceren tot baes: bergswercker aldaer, en beneven
2492 2132 3063 2249 Jan de graeff bads
2497 2202 3092 2340 berghtberker, en luijt
160 2156 2882 2348 de qualiteijt van Lujtenant, toe te voegen een beconing met 60. g:
2867 2303 2916 2391 —
249 2270 1423 2459 van 60: guldens ter maent.
249 2416 3069 2643 den adsistent fredrick rycksz: versoeckende dat zijn den Adsijlent Fredrick
233 2587 2398 2787 Huijsvrouw en kint nette eerste gelegentheijt tot
2422 2625 3020 2745 1 Rijcksz, Sijn Vrouw
2455 2698 3042 2808 En kint: pasjagienae
2298 2744 2435 2823 te
235 2696 2420 2890 hem mogste overkomen, ende van hier na de gem:e
2436 2772 3065 2914 haer man op de Westcust
2435 2832 2707 2959 Vergent
228 2807 2437 3005 Sumatrase Bestcult, vertrecken, soo is mede goet„
215 2929 2475 3100 gevonden, hem sulcx te accorderen en toe te staen.
276 3098 2459 3332 Wijders gesproken zijnde vanden vertier der, kleden
231 3281 2449 3404 op de meergeme. Bestcut van Sumatra, en off het
230 3365 3004 3549 volgens de voorstellingh vanden Commandeur ende denfonsideratien doer’t
2454 3520 3051 3620 arrekopen eedinger schiperd
217 3461 2427 3656 raadt aldaer niet dienstigh en soude zijn, te ordonneren
2453 3568 3026 3705 Van Coimandel op de
147 3550 2823 3770 dat vande herwaerts aen komende schepen, van Cormandel Wiftcust
220 3725 2497 3896 een ofte meer de gemelte Bettculte souden hebben.
214 3791 2350 4007 aente lopen, om als dan tot voortsetine vanden
210 3925 2478 4108 vertier der nodige sorterings van kleden aldaer over
2250 4098 2381 4207 te
