3108 4704
147 261 247 405 6
860 309 1585 538 Augustij
1 440 2876 682 9:e d:o all Verrensaert Voor hut verboden - - . . . . . . . . . . . . . . . :o 775.
226 611 2659 770 perasbesettinge nogh als voortzeen te Conginneren - - - - . - - . - - . . „
194 684 2492 839 aerom Hadiapera Voor al den 'thin tegen die van aeschin te adsis terehe
2548 767 2762 908 „ —
578 810 1956 940 dat wert van bedenckinge gehouden . . . . - .
245 874 2462 1068 de bekruijssinge voor de tivier van gueda tot jnvorderinge van nalaccas
2572 893 2985 1096 „ 258—
587 982 2031 1160 gereghtigheijt nogh mede te Contueren . - .
490 1075 543 1164 „
256 1092 2389 1256 doge ’t aentasten van Nadia quoda nogh tot beter occasie uijt te stellen,
2562 1181 2662 1298 „
269 1200 2042 1339 op oedang salangh geen vaste possessie te tnemen . - - - - . .
272 1298 1902 1459 maer wel den thin by tleggtiatie te Contracteren . ..
261 1411 2621 1574 de vaert op aetchin soo wel aende malaxo, als batavische Ingesetenen tvenemael
2585 1464 2772 1622 1 —
592 1510 939 1633 te derbieden
2292 1558 2562 1688 als hier
281 1509 2295 1747 ’t gangbaermaeken der ducatons en goude Coubanghs tot Malacca
2584 1605 2883 1776 „ 257
604 1687 1021 1818 geagperobeert
280 1749 2294 1917 en bij fuijme Cassa partije Cousanghs en te koopen voor Cornandel
272 1865 1950 2033 geen peper meer op Malacca te verhoop . . . . .
255 1967 2413 2128 maer die alle Berwaerts te laten komen tot nader ordre - - - - - . .
295 2118 2110 2211 tierie des mogelijck op Malacca Voor batavia Jnte koopen -
2658 2149 2958 2292 258.1
294 2133 2588 2314 Jacob suickers Hogft van’t zoldj Comptir op Malacca, Coopman met 60. gr:
292 2289 2585 2462 Joan:s Oliviers luijt:s en Conn:s betebier vaendrigh abzoluit, met 50. en 40: gl
690 2388 1617 2554 bejde voor drie Jaer . . . . . . .
320 2499 1177 2655 Anthouij de Vogel Cassier.
336 2606 1341 2756 Adriaen Wejlant dispeicier . . . .
2658 2694 2725 2828 „
348 2688 1379 2860 Pieter van Helsdingen Vanchelier
364 2781 1477 2956 Jesaias schaap Licontinees ter
2663 2886 2944 3028 „ 259.
285 2850 2545 3089 „keglement van nodige, en vaste gequalifigeerde dienaren op Malacca
2656 2994 2963 3152 „ 261.
2245 3007 2320 3142 5
300 3022 1036 3179 Hem van de militairen
2690 3117 2951 3288 „ 262.
120 3097 2693 3309 12. d:o den ondercoopman Isaak van Pijven met sijn famielie na 't patria Verlost
2665 3258 2725 3361 1
329 3231 2291 3427 Doylant Inpraets van den Basenbergh naer siam aengeleijt
2652 3328 2814 3451 „ —
313 3368 1703 3509 Nogh 65000- kroonen na siam affte steeken
359 3455 2548 3627 d’ Intoest penningen daer to: al aff te leggen; en geen gelden meer te lichten
382 3545 2626 3736 over de Bindernisse in den tin handel aen oija berckelangh, Maernist
2658 3616 2946 3801 „ 263.
729 3692 1632 3830 aen den Coninck te schrijven
215 3804 2320 3935 — Weghen oam van Jacruijpe provisien voor 't opperhooft van Tiam
362 3859 2543 4057 de susperte handelinge in siam door 't nieuwe otterhooft Aernout saa te
2195 3988 2338 4097 1.
717 4007 1351 4134 laaten ondersoeken.
2656 4050 2961 4211 „ 264.
458 4060 1486 4254 nous brertan benight toe te ken
523 4391 620 4561 5
2859 -57 2994 104 17
2997 3740 3091 3912 1
