3092 4643
143 29 326 165 310
339 265 534 431 310
712 334 1582 772 ag
2000 348 2616 790 heek
1104 735 1596 907 Avo
762 873 2909 1093 Hee den Pommanden nderthuijd ingedien
111 970 1344 1210 Persolk vanden Cmman: Ct Merest
1330 1047 2931 1234 etd dat bij zoet sijn
116 1115 789 1218 Hago om goetboeninge
120 1181 716 1291 Van Costgelt zedert den
748 1187 2929 1368 aanesen op t Eylandt manriems van den 18' eb: 1773.
112 1255 728 1363 tijt dat hij op Mauritus
121 1318 410 1451 is geweest
740 1261 2965 1466 tot p=a octever 1670. noijp goen ostgelt van de Compag=s
738 1409 2944 1606 en badde genodeni, en wacrom dis nu versogte, dat bon
733 1546 2949 1681 heselve me de gisantie dan andere Comptoiren n
737 1672 2944 1857 Indie moee werden goetge daen op dwelcke verstaen t
98 1680 722 1867 Sj wat met de Pustentie
119 1831 658 1917 aen de Heeren Musters
731 1788 2885 2005 hem voegen die tentie aen d’Ed: hoepen maijopes in
110 1893 516 2030 Gerenvoijeert
716 1892 1684 2124 eten k ken
723 2070 2805 2302 dit vonder vanthied d Era werkn, ongedere
111 2187 708 2345 d osperhooftdin Van't schip
733 2233 3015 2426 officieren binnenstaende om de prame van haare uijtren
108 2293 703 2410 d'Europa door gedaane
114 2377 711 2492 uijtreijse wegen de brnes
729 2342 3036 2541 wegens deamer amsterdam gedaen. Zedert Ed februarj
117 2448 727 2549 Amsterdam Volle prenie
108 2522 377 2649 toegeleijt
710 2478 2918 2663 dut= door de weedemael uijt depol in zee gecoopen, en
714 2595 2809 2793 over a de goede Hoog den 2:e des voorleden maents
704 2785 2934 2946 alhier aengelande sijn; soo wert haer de volle ordinaire
698 2885 1525 3067 vrenne geaccordeert
683 2999 2892 3204 op gedaene fapport van den Constapie maijor amelingh
74 3145 667 3293 30: stucken onbequae
717 3202 2936 3326 weijdeman dat hierbij de artillerje nogh berusten 3d. stux
104 3257 684 3370 Midach Canon, en basser
74 3313 649 3450 Voorballast na't patria
707 3297 2997 3490 metaal Lanon, en bassen, die alle gebroocken, en deenemael
94 3389 345 3508 te senden
701 3408 2770 3621 onbequaem sijn, wegende tesamen 33200. lb., Js
702 3556 2941 3761 goedgevonden heeselve sodanigh naer patria over tesenden/
700 3733 2843 3883 te meer, naerdien men dogh om genoeghsame ballas—
706 3810 2428 4029 voor de ketoursphepen sal benodight wesen
2754 4140 2845 4260 en
