3133 4487
2647 99 2873 305 63
994 58 1758 504 Degenee
13 436 2371 639 „ 6: d:o de samsdooseen te bad gebuijck, en devuijdinge van Pabille en
2454 471 2538 656 3
2781 549 3010 714 431.
543 566 2009 727 Canaen, off 500. Javanen toe de boegen.
165 604 2506 841 _ madrm de sndee Javanen Jigh niet verder als met ondre Ingesanen
623 766 1036 901 te bemoeijen
312 779 2598 1009 de Lansdrssen en Capitgine, sullen Eijder bij voorse mallandnen seaer
653 947 1767 1098 seconderen, En gondanigh . . . . . .
257 1008 2453 1223 d’E: directeur enerael soeeemant Connaando, en de sooge ooer de sun
2653 1078 3000 1273 „472.
579 1138 2205 1319 temoierende bougijs, en maccassaren opgedragen - -
261 1241 2435 1426 P: Willem Van Outhoorn nu oock genomindert tot Coloml over de
584 1354 1402 1521 nederlandze boog nijen.
316 1439 2246 1595 soo Wel binnen als buijten Inde Joors tot
2637 1464 2747 1702 „
152 1551 2253 1713 — its men sijne. soo huft hrogelijck, daer va weder sal ontles ten
299 1659 2644 1823 den Niceconmand„t Pieter titvankegbagh, en de sorge voor de schopen op de
674 1774 1271 1897 Hhede aenbesolen
2713 1846 2965 2018 433.
227 1839 2105 1994 die de slagh salvoeren, entgelijx sapen daen is
335 1955 2569 2094 d H=r Joan Camphuijs inladis van d E: van boorn luijten tegenl: van ’t
654 2079 1957 2229 Sospitael, nevens d’ Emajor - - - - - . . .
299 2173 2358 2362 daer bij oock ogh is gebeege verhird delffitander berik of - „ d„
324 2322 2620 2475 Engelbeeche Willem Hendric van Liga als tot beetterken onbequaam, van de
646 2415 1547 2549 Westlust te tuejge gesonden
2092 2413 2543 2576 -
316 2507 2689 2691 daerover, mits sijn valkh voorgeven bij de Heeren Mr door de fiscaelsen des
649 2635 1518 2805 Justtie tevoen aenspoekon
307 2743 2677 2944 den schipper anthonij van doorn, door d’ h:r souv:r bax kende laep van ’t de ksschip
2623 2885 2690 2983 „
642 2847 2380 3003 de phenip aengesonden, gelicht, en Terwaerts opgesonden
141 2939 2632 3167 heet: fequest ter bogt onse dispostie oder sijn saeke, en venkein om naet
2575 3066 2984 3237 „ 474.
646 3082 1820 3269 bantam te gaen bij de deenze tekdent
344 3173 2593 3365 met presentatie van altoos op ons ontbot weder te sullen komen, en oock
660 3315 1615 3491 de Comp:s vrandre te dienen
129 3357 2953 3553 datesoekberen is uijtgestelt, om te sien off de de ze te sdeit han ven teeren „ 4
312 3544 1366 3721 't welck niet dot nogh is  schiet
324 3587 2608 3810 en daerom als nu goetgesouden hem met d’ aerstaende tetourtopt als passagier
2651 3768 2718 3862 „
555 3770 1617 3938 wedernat vaderlant te zenden.
57 3828 2208 4009 „ — om Wijders bij de Heeren meesters over gedisponeert te werden
314 3977 2541 4168 den fiscael Zeeman versoekt betalinge van sijn portie van ’t geconsisqueerde
591 4105 1289 4268 boger Jagt Hhnicus.
