3008 4522
-1 947 107 1057 —
-7 1049 79 1170 —
33 3104 252 3263 3: d:o
161 160 259 348 O
278 137 358 337 d
2407 277 2462 357 „
1193 246 1628 455 October
171 407 2523 670 d:o de Jonge falohan van bantam mede een Copie vande brieff aen sijn
610 592 1153 724 Vader toe te senden
273 675 1964 808 almede tot nader verklaringe van ons deughdelijck bedrijff
2551 732 2922 856 „ 365.—
263 768 1459 930 aenden ouden sulthan van bandam - - -
2547 881 2591 991 „
273 860 2311 1022 Jnhout der 2. brieven, aenden ouden en Jongen sulthan van bantan .
2837 863 2967 1030 2
236 932 291 1052 o
276 969 2524 1125 op ’t nader aenhouden des Jongen Lannx van bantan Is derstaen htem
434 1064 2494 1217 met twee passen voor twee sijne Vaertuijgen naer Tegal, samarang
2538 1103 2830 1287 „ 368.
475 1190 1652 1364 en Japara ten handel te geriesten - - - -
2569 1245 2824 1427 369
283 1256 2397 1476 /onder noghtans krijgs volck off ommunitien daer niet aff te senden.
2545 1415 2626 1476 „
283 1376 2473 1539 om de Jnvasien der bantamze Choopers, om, en ombrent: Bamanoekan &
266 1485 2482 1654 Het bootje de posthoorn met den luijt:s Jochum Michiels:. en 25. mieidaire
2549 1598 2670 1712 „
1609 1621 1711 1702 „
499 1598 1319 1761 voor aff derwaerts te senden
289 1688 2510 1867 Om die van Jndermaijo N:o tot stantvastigheijt aen den Sousouhounang, en
524 1789 1640 1947 de Comp: teammeen . . . . .
303 1884 2392 2017 en zijn tegen die vijanden selve aen lant te mogen adsisthen, met
543 1979 2593 2110 aensegeinge dat zij bantammers uijt de landen onder onse bescheninge
527 2082 1558 2212 hebben te vertrecken - - - - - - - -
2586 2129 2851 2281 „ 370.
310 2143 2099 2313 maer bij eenigh gevaer ons lieder genist te houden . . . .
324 2264 2525 2421 de sloep de salr sal mede gaen, om ten Eersten bescheijt van daer te tigge te
2570 2342 2678 2452 „.
571 2374 1154 2539 brengen - - - - - -
324 2439 2567 2617 de Iaghjes nauw, en ovangie met behoeften voor den Creijn op Iavas oosthijst
574 2589 890 2716 aengeleijt
963 2618 2387 2789 25. soldaten voor Indermaijo sullen mede nemen
310 2673 968 2841 en die empassart nogh
308 2772 2572 2921 den Coopman Jacob Couper oock tot tet beleijt van saeken na Indermaijo te
615 2907 1093 3022 gebruijcken. - .
317 2902 2407 3126 en dewelcke van sijn Dagie van haff weder sal werden aenges:z.
294 3079 2399 3267 de fleuijten strijen, en Brootenbroek aengeleijt over malacca na d’ Jndize
2650 3151 2897 3297 371.
618 3201 1082 3357 quartieren
306 3244 2602 3446 op berigt dat de bantamuners eenige vaertuijgen met driesticken mitael Canoij
612 3393 2183 3550 aen onsen vijant Crodia ajasouden hebben affgesonden
330 3474 2598 3638 dae d H:r rem:s Burt werden vordonneert alsulcke vaertuijgen bij attrapperinge
2590 3556 2867 3707 „—
592 3592 2267 3763 Vrijelijck te mogen aentasten, en Jn Versekeringh te nemen
331 3688 2608 3828 onse waghten aen de fivieren Maronda, en barrangcassij, Jder met 12. militairen
619 3825 1263 3952 10. Vers: Brken ..
2575 3901 2880 4054 „ 372.
361 3905 1902 4080 En oock van nedig voorraet behoeften te voorsien . . .
369 4046 2779 4181 omme Capt:n Joncker in deetijt wat meer aensien, en Zouragie te geven. „ —
384 4151 2649 4284 Js goet gevonden hem telaten werden een Comp:s van 120. Jnlandze soldaten tot 3. rve jder teim. „
2859 81 3039 223 e
2904 265 2969 357 „
