3066 4522
2771 49 2847 204 1
603 10 1625 447 Stenbe
13 454 2503 599 21: d:o om de slondige aghiers ladige kdministratie vanden overleden feschent
542 545 1454 676 Derait Pot tot Jambij
1729 560 2394 683 - - - - - - - -
2620 468 2956 676 No: 357
5 624 121 766 3
328 653 2633 784 Is Werstaen aldaer geen handel meer te drijven daermen prijckel van
588 733 1325 871 schulden Loopt . . .
1652 758 2591 884 -    – -
2661 699 2791 846 „
332 794 2629 963 nogh geen uijtsetlngen van gelden voor Aff op Leserantie van peter te doen.
2662 814 2770 981 „
330 912 2681 1083 en daerom d' Evan heen oock als nogh tot Commissaris mede over Jambij
590 1009 1926 1167 ontinueren - - - - - - - - - - - - - -
2647 977 2977 1164 „ 358.
315 1060 2732 1251 op de buijverseit bes pepers, en den ontfangh tot Palembaugh nauw te letten . „
325 1240 2685 1389 defleuij delfs haren aengeleijt, om over Malacca met Wraght goederen van
642 1323 2780 1486 Masulipatnam naer sersia te gaen - - - - - - - - - - . - - - - . „ —
2348 1409 2967 1589 „ 359
14 1406 2222 1604 22. p:s de Comp van ’t schip bieederode verkogh Voor 700. pvr. . . . . .
273 1525 2786 1693 d’ affgevaare sloop Nassouw vol steen aende oostertoinie deser tidier te doen suncken „ —
278 1678 2678 1833 naminatie, en Eectie van officieren over de nlandze borgerij deser stede - . . . .
2656 1710 2744 1828 „
288 1767 2656 1938 om de stropenjen derbantommers ’t Iachje de smit nogh eenigen tijt in besedringe
-5 1793 267 1953 27: d:o
2652 1860 2949 2014 „ 361.
602 1875 2198 2023 Voor Indermaijo te Continudien . . . . . . . . . . . . .
223 1978 2813 2154 Met intentiein korten nogh eenige gearmeerde vaertuijgen derwaerts tesenden - . - „ —
269 2082 2753 2252 om dat de balijers boven Erxawangh tot goedoegoeden :a ons volck vdel onthaalen - - - . „
2652 2221 2718 2311 „
308 2178 1895 2326 en haer submissie onder de Comp: belooft hebben . . .
300 2260 2475 2490 76 goetgevonden /aer daer in te berstercken, en te bewegen dat eenige de
581 2410 1671 2589 Hoofden herwaerts komen - - - - -
2632 2400 2715 2569 „
290 2501 2701 2668 en daer toe de vorige pardonbrieff houn andermael toe tesenden - - - - - - - - - - „
297 2620 2979 2816 onse post op Canongpoura tot becunteijt voorde Jakanen tot op 100. koppen te versleeken „ 302.
858 2979 1313 3187 October
6 3109 2678 3302 p=r d:o onden bantamzen Coninck in hijn sdruijlende gedoente, de maet tol te nieten „
2702 3109 2957 3293 363.
184 3255 2588 3400 Js verstaen andermael een brieffje met Insentie vande tee Vorigh gesondene
605 3361 1300 3511 Hem toete schicken.
7 3411 73 3574 5
274 3452 2280 3624 5: daer bij nader van onse goede Intentie tot den vrede te persisteren
272 3548 2687 3727 met Vlotificatie van de Bosticitejten derbantamners omtrent Bamanoekan Jndermap
575 3680 1367 3834 N=o aen ons Volck - - -
2705 3772 2918 3895 364
280 3755 2104 3911 en dat wij niet geloven sulx door ordre van sijn maij:t geschiet
284 3892 2561 4055 of gunt sn alles nedens d’oderlegeninge van den brieff door de teden Caast=
501 4030 1580 4162 Mondelingh sal Wejden Voorgehouden
