3129 4723
50 40 250 186 244
49 603 660 764 Haln a Jutz: l hainde
75 742 648 850 tot ouglij gevordert
70 803 679 920 van E0. tot op: Coopman
47 876 615 1007 Met 80: ge smnees
43 1217 541 1390 Paern deoen
74 1317 654 1449 belicn L: nie Hoger
70 1415 550 1508 als Cnplieden te
88 1475 348 1585 Plast
72 1540 606 1684 en geen Eerbeteringen
31 1638 670 1749 van bij verandering van
57 1713 583 1826 Imploij te geven
74 1984 543 2111 Gberd Packer
86 2070 579 2177 6is r Jugtij
60 2121 657 2250 Geaffros: tot ondercoopman
42 2676 645 2860 J 1: p b: 1765
35 2808 545 2913 schenmngie indien
34 2884 642 2982 nieuwen densen natal
42 2950 649 3080 afanthan tot ƒ10410.
25 3411 655 3549 't Gedoonde vand H: olge
20 3512 644 3622 omtrent de Virwerde saken
34 3590 524 3704 in Patter:z Port
673 466 3091 692 dendeniecteur, 't onet tegenwoordig bediant werdende
672 617 3060 766 bij den Coopman Harman sentzel soo wert denselven
690 727 3027 904 zjn lange jarige diensten, ende der goede geuijtemisse„
680 854 2921 1024 die de H:r Volger daer van is gevende, op zijn over„
669 996 2872 1138 gekomen versoeck schrift gevordert van 60: tot opper
653 1054 2925 1258 coopman met taghentigh guldens. ter maent, Enllede
684 1180 2704 1314 nder verdere enbaltene dehooftehanden, der
683 1296 2832 1432 domploiren. pattena, Decoan. Delleloot Ed:n niet
630 1415 2859 1592 hoger als Coopiodens mogen werden gebruijckt, en
666 1558 2920 1732 niemande geen vermeerderingh van qualiteijt off gagre
670 1670 3085 1819 hebben te prevenderen, voor en aleerde jnhoger bedieningen
655 1772 1551 1939 komen op te toeden.
681 1942 2739 2156 En dewijle den Doecksouder gberto Packer
671 2106 2762 2250 was geselt jud Cassierschap tot Duglij, soo wert
667 2146 2714 2341 beselpe detsens begesight tot de qualiteijt van
651 2345 2901 2465 ondercoopman, jn conformite vande ape door de Hr.
658 2402 2834 2576 volgen bevorens derwegen aen hem verleen
677 2633 2911 2866 De langende de schenckagie aenden nieuwen Kabal.
660 2806 3003 2951 Asemschan, in decca, ter somma van ƒ10470: op gesonden„
659 2881 3021 3059 die wert geapprobeert op hove dat de versoghte perwannes
655 3034 2825 3156 tot den onbekommerden handel, soo sin Dengale als
2795 3022 2857 3119 —
645 3116 2868 3275 Oua gelyck jn vorige tijden den overleden 1labas
646 3248 2855 3356 Chanchanna. aen ons hadde verleent, daer door sullen
666 3340 2895 3483 wesen geobtineert, en op welck fondement de devoiren
643 3440 2735 3610 bij de h:r Voeger, omtrent dezeer waade pattenase
657 3535 2873 3692 zaeckent, ondernomen ede voor wel gedaen werden
646 3637 1071 3782 angeken.
650 3807 2680 4007 Dnnie te beter staet te konnen maecken wat
672 3963 2683 4089 scheeps ruijmte men van hier tot oversael der
656 4098 2716 4239 gereede retouren successive naer Bengale nodigh
654 4195 2749 4336 dient te bestelen; zoo sal oock als voor tenen
2439 4340 2728 4453 meer
