3099 4653
2777 -52 3016 166 177:
2784 169 3000 399 177
160 378 2455 689 bekent dat den Engelsen Capitain Wildij, onlangs
170 638 2443 768 van Bantam, hier aengekomen; zijn Ed:se ernstigh
2252 709 2999 857 dEngelsz min versoek
163 729 2272 907 hadde versoght, omme partsije: Iapans staefcoper
2384 808 3048 925 Compartij koper, spiaulter
2293 888 3008 993 :a Vande borgerij deser
161 857 2309 1019 en spiaulters vande burgerije deser stede te mogen
2396 953 3003 1062 stide te mogen koopen
123 959 2393 1109 kopen, en naer BPantam vervoeren, waer op net
2412 1014 2768 1154 affgestagen
124 1082 2315 1239 aendaght gedelibereert wesende is om verscheijde
166 1206 2357 1375 kraghtige redenen, die oock bijsonderlijck jn't reguard.
2204 1361 2338 1504 _o
184 1364 2235 1483 van die natie te passe komen, best en nodigs geaght
182 1411 2495 1627 hetselve op een seusse maniere absolutelijck te Excuseren
171 1557 2305 1750 en afteslaen, met die jntentie nogstans, dat men
179 1671 2255 1876 zal speculeren, en traghten, op d’ een off d’ander
2354 1738 3070 1946 Een hiedel uijtte vinden
191 1806 2337 1959 mamere, een bequaem middel uijtte vinden ndien
2383 1882 3009 2003 om de borgerij Egter Van't
2399 1955 2941 2084 Spiaulter te ontlasten
195 1928 2388 2118 het buijten prejuditie vande Comp: kan geschieden
178 2070 2444 2218 om onse borgers, en jngesetenen die nogh met quantiteijt
195 2206 2376 2335 spiaulter belast zijn, sonder schaade wederomme te
198 2266 2468 2420 ontlasten, gelyck nu onlangs jnt reguard van't Japans
193 2396 2288 2569 staafcoper alle voor de Comp:e aentenemen mede
195 2487 768 2687 zij geschiet.
255 2683 2378 2966 aer dien ons berigst wert dat 'er eerstdaegs
2285 2948 2406 3072 _o
219 2892 2309 3054 van Bantam 1a 2: schepen na Engelandt
208 3002 2262 3151 staen te retourneren, is goet gevonden, daer mede
2375 3025 3031 3214 Een advijs brieffje met
204 3129 3045 3286 een nader kleen advijs, briefken aende Heeren dEigelsz van bantm
2434 3246 3056 3350 aen d Heeren i. in't
205 3302 3115 3455 principalen jut vaderlandt te laten afgaen vaderlant te laten affgaen
213 3391 2465 3564 en onsen resident Caaff, op morgen, aen te schrijven
126 3503 2451 3649 dat hij ons 't eijgentlijcke vertreck der Engelsen pertinent
193 3615 2470 3762 zal notificeren, en met eenen oock, een quantiteijt van
2410 3686 3100 3860 Pint fottingh en parrangs
208 3749 2345 3900 5: a 6000: bossen bintrottangs, nevens 50000: stx:
2438 3812 3046 3956 Of baritam te doen jnkopen
220 3865 2407 3998 billitouse parrangs, en bijltiens voor de Comp:s
197 3975 1177 4141 hebben jnte kopen &:a
1980 4106 2390 4243 Dnne
