3074 4593
395 -34 475 75 o
2821 3 3023 138 181
2833 148 2977 300 181
11 291 82 456 2
113 408 2406 664 soo spaersaem, moeten werden gehandelt als eenigsins
115 559 1289 753 indt fatzoen kan geschieden.
296 706 2253 930 En het voorstel van een expres gescheuck door
9 852 3037 1075 adresse der Hocksieuse regenten, aenden keijser jn Toesenden van Eanig
2359 1006 3035 1123 geschenk aenden Reijzer
144 998 2250 1194 peckin op te zenden, als geen ordre daer toe te
2344 1093 3089 1241 als buijten ordre te versheijvene
134 1118 2329 1318 hebben, beleefdelijck te verschuijven, want wij gaerne
138 1236 2359 1425 eerst wat beter vrughten, en Effecten, vande gerughte
115 1367 2420 1552 en beloofde vrijen handel voor de Comp:s wilden ervaren
110 1633 3039 1815 Dat insgelijcks het versoeck om adsistentie tegens Hij Tersoeken om adsister„
2407 1777 3005 1879 „tie tegen de Copinders
7 1723 2400 1940 de Copinders wel met reden magh werden afgewesen,
2366 1843 2875 1993 sulx ae te wijsen
126 1846 2343 2035 om dat onse soecken althans geensins, daer na gestelt
123 1931 2280 2129 en het buijten des de Hoccieuse regenten selfs
115 2087 2320 2235 weijnigh ernst schijnt te zijn; als die uijt den suijck
122 2192 2318 2379 handel, met de Copinders hunne voordelen weten
2290 2287 2359 2362 —
2370 2215 3031 2390 On dat ij deselve voor
124 2334 2372 2486 te trecken, en onse hulpe ligst wederom alsoo wejnigh
2391 2353 2840 2468 desen niet hebben
2372 2374 3006 2565 Geeptineer off Thoul
112 2427 2340 2609 als voor desen na ’t veroveren van stij, en quemuij
109 2520 2352 2700 &:a souden Extineren, schoon oock andersins het
119 2662 2381 2834 aentasten, en ruireren, der Cocpinse handel soncken
117 2788 2296 2962 voor onse negotie aldaer net schadelijck souw —
9 2848 700 3044 verkonnen wesen.
105 3074 2285 3344 Jat in Bocksieuw, onder de hant maer niet puolicq
99 3221 2317 3396 omtrent de grooten sal dienen te werden onderstaen
2325 3228 3005 3385 te onderstaen onder de Htant
2318 3349 2932 3463 Offenen en Canton niet
97 3336 2240 3526 off wij niet mede op Canton, souden mogen zandelen
2337 3419 2864 3528 mjde sall mogen
100 3455 2237 3622 en om waer van te beter kennisse te Erlangen —
2321 3492 2693 3587 Handelen
77 3522 164 3687 3
122 3542 2251 3752 het Hoecker de Brandtgans, jnt retourneren
2307 3563 2966 3738 O dan de baantgans In't
2302 3683 3027 3805 Retourneren aer Empassant
-6 3677 2173 3854 —: uijt Bocksieuw, die rivier oock en passant
2321 3756 2774 3871 eens aen te senden
121 3775 2319 3982 eens konde aenlopen, om de bevindinge en toestant
102 3880 2103 4091 van saecken aldaer te beter te ontwaeren.
1799 4112 2095 4283 Dat
