3153 4669
2833 -10 3084 197 355.
2841 178 3072 332 355
2875 318 2972 449 1
277 449 2613 667 borgen dagtje oianged: en Engevoege desser ordi
310 653 2595 833 goordonneet desselfs en hebbende guijn ter 230. p=s
280 791 2659 973 denomp: schepen aldeer doer de gebeen in voldoen
277 911 2482 1107 van eenigh agtbers sal van bchuld van den tj: sent
2639 959 3114 1101 opt er soek Vandes
2643 1072 3090 1178 borger Capt. Pieter
301 1064 2651 1277 Jehanues Cikoond: aen de Comp:s ald dewelcke gem:
2628 1131 3059 1239 Van Leeuwen oor
2665 1156 3115 1302 bitulinge Sijn eopl
2624 1233 3089 1357 met sijn Iaghie
278 1184 2660 1395 van Eeee dust toe dat besalinge hadde geweeken, soo Eee
2641 1318 3107 1427 rangis op zalnn
2635 1384 3116 1498 voor de Comp: gehigt
266 1329 2602 1572 den borgen apteijn pieter van 'E Eendoen alhier nu
263 1477 2638 1676 andermaal hop gelt van deselve peper van de Comp:
279 1636 2569 1864 gevordet, ondergewoes chtie deselve hem en niet
271 1804 2519 2033 den te sigent schilhoon eijgen te sijn geweest  op
312 1966 2453 2177 det welcte na desibiratie geresolverrd zij, dewijle
299 2075 2482 2284 de Comp:s derweon dogh geen bbraade kan lijden
2606 2177 3054 2353 Besfan die
272 2243 3111 2428 dem: van becuwen voor als nogh de voors. voldoeninge walige nogh uijt
2643 2392 3073 2484 te sillen tot den
2649 2457 3021 2542 Palembaargze
258 2417 2515 2587 desselven pepeis te weijgeren tet dat dan tesdend
2647 2488 3122 2644 testet Schillene
2664 2588 3066 2690 Sijn agte: stall
221 2557 3093 2770 sChilheden sijn baake en agteers Eal in dien Requande ntetompegn sl
2633 2713 3116 2822 hebben verantwoort
231 2679 2145 2880 nader, en den voelen sal tbben veriewoolt
223 2910 2696 3179 Ei deer maatie door den E8: re Eenvigeniarde
240 3108 2567 3325 oock werder voorges zop zijnde eenige pusicipale saake
233 3265 2665 3469 uijt de ontfange advisen van bovengen Ccommissaris
232 3336 2516 3588 Jan van leene tot palembangh, soo is door hers
2629 3477 3108 3696 den Gem Sallndeng
232 3539 2521 3758 doetgevonden, dm ondertoopman en esseen daon
2605 3646 3113 3749 Gen Stesid Schilhoorn
2611 3719 3023 3806 om sijn stordige
232 3661 3039 3856 silhoon, als van verscheijde morsseijen en bondigejt amisrotie
2568 3840 3075 3933 Van Palembangh op
223 3859 2988 4055 sijne radminisstadie soer suspest sijnde van deen te ontbieden
2064 4024 2670 4238 Herwaers
