3093 4653
27 57 183 210 72
144 244 308 396 12
97 1260 649 1385 Op 't Voors se Van den
134 1345 684 1445 Chinees Tengluw tot
44 1399 673 1511 Verpaghtingh der Colijs
123 1479 508 1591 aende waegh
47 2484 698 2657 Apitnn de se tor
85 2619 630 2704 dit Jaer een Treure
106 2685 641 2774 van te nemen tot 20.
113 2743 551 2859 Hijxd. termaent
98 2841 524 2997 behet Verwoigen
114 2963 431 3090 affigesen
2558 223 2755 331 d0
613 336 2642 686 Vrijdagh S:r April 1638.
764 1010 2880 1223 De Hr Gouverneur generael draegst de vergaderings
2930 1126 3002 1235 „
681 1188 2880 1309 voor de gedane presentatie van Cenglauw Chinees Coopm
683 1249 2928 1431 en jnwoonder deser stede, om bij maniere van verpagstinge
704 1389 2816 1492 aentenemen het besorgen, en bestellen, van Coulijs off
683 1469 3026 1607 arbeijders aende waegen tot het op en afsetten der gewigstens
698 1594 2801 1752 ende de Coopmanschappen, die den jmpost: van de selve
698 1738 3003 1860 waegh subject zijn, mits dat het een ijder vrij zal staen—.
690 1803 2975 1962 hun eijgen volck ende lijffeijgenen daer toe te gebruycken
708 1912 2886 2080 jn dien zij deselve hebben, dogh geen andert slaven ofte
685 2024 2768 2198 huirlingen, als de geene die hij Tenglauw, daer toe
699 2175 2715 2301 voor den behoorlijck soon zal bestellen, en altijt
686 2242 2835 2374 moeten bijde handt hebben, Ende voor welck benefitie
691 2341 2886 2529 hij presenteert maendelijcks te betalen. de somma van
708 2477 3016 2619 20: rjlxd:o waer op gedefibereert zijnde soo is goet gevonden
695 2586 2931 2728 en verstaen, daer van voor dit lopende Iaer een preuve
684 2700 2888 2828 te nemen, ende op dat een ijder daer van kennisse moghte
684 2811 2807 2979 hebben te laten aenslaen het navolgende diet.
648 2957 2647 3275 Allen ende een ijder wert mitsdesen bekent
656 3201 2834 3366 gemaeckt dat bij de hooge regeringe van India, voor dit lopend.e
2595 3318 2673 3378 s
696 3345 2803 3449 Jaer 1678: van primo april jngaende tegen 20: rijcxd: per
684 3412 2909 3533 maent aenden Hinces tenglauw verpaght is het Coelijloon
680 3536 2881 3667 van't op en aff setten der gewigsten, en Coopmans happen—
684 3604 2868 3723 dewaags subsect zijnde, op en aff de schael; waer voor aen
683 3723 2746 3850 voorn: pagster betaelt zal moeten werden voor thien
2740 3706 2822 3825 —
674 3807 2933 3957 picols aght swaere dubbecties; dogh soo wanneer de Cooplieden
680 3890 2931 4074 'tselve door off met haer Eijgen slaven willen laten geschieden
688 4024 2846 4146 dat sulcx haer vrij zal staen, sonder dat dier wegen als
684 4124 2874 4232 dan aenden paghter ijets schuldigh sullen wesen uijt tekeren
2502 4243 2757 4350 alles
2856 53 2946 145 1.
