3022 4619
10 52 207 181 216
2735 196 2815 375 7
43 238 264 398 216
600 505 2695 691 waeragttigh beright over te zenden, omme als dan
607 640 2797 760 door ons ofte den aghtbaren raads van Iustitie
600 730 2633 890 alhier, daer inne wijders sodanigs te werden
469 856 2838 1012 gedisponeert, als men naer billickheijt zal: onbaer en
598 946 1289 1122 nodigh aghten.
588 1153 2902 1397 werdende oock voorschreven E: Mlarten Suypman
0 1269 617 1444 En daer bij als ommerd
629 1316 2636 1485 ndese zijne Commissie na Mlallabaer gesonoreert
4 1416 593 1541 Verbetert tot 150 ge sm=ts
603 1445 2782 1610 tot de qualiteijt van absolut Commandeur onder een
604 1534 2642 1688 tractement van 150 guldens ter maent, met die
614 1664 2877 1834 jntentie dat hij na t vertreck vanden He: Lobb he
600 1776 2773 1942 Commandement van Mlallabaer voort zal blijven
587 1861 2905 2051 bestieren, en waernemen, mits exen wel gesegt den 2: Commd:
576 1988 2909 2138 Loos, gedurende desselfs aen wesen aedaer, bij sijne volkomen
605 2105 2679 2264 waerdigheijt gehouden, maer den voorrangs na de
598 2176 2916 2363 ordre vande Comp:s aen den Commissaris geceddert zal
609 2323 2763 2444 werden; jnwylen dat alle het geene, ons ten laste
-2 2280 590 2436 de stucken te: laste van
-7 2402 514 2506 d’ E. lobs hun in Copie
627 2408 2881 2558 vande H:r fobb: s00 door 3:e Vosburgs; als anders is
-7 2469 502 2559 toetesenden om zijn
605 2504 2884 2627 te voren gekomen hem oock jn Copije sal werden toe
8 2527 538 2628 Verantwoordinge op te
-8 2584 332 2699 konnen doen
589 2633 2902 2756 gesonden, om desselfs reden, en verantwoordingh daer op
584 2694 1989 2850 te konnen doen en ontwaeren
728 2813 2900 3008 Ende na dien te deser materie van: Mallabaer, oock syn
590 2962 2910 3109 te passe gekomen, de verloecken van eenige hooft ministers.
496 3008 2991 3195 ondert Ceijlouse gouvernement, om de pacaute Commanderie
588 3162 2818 3292 van Colombo. Ende gale, als onder dewelcke den
961 3228 1004 3289 de
592 3229 2801 3348 voor gem:e E: Huijsman mede was getelt, soo is op de
597 3313 3033 3418 voorschrijvingen, en goede getuyghnissen van den E: H: gouvern
604 3412 2369 3573 rijckloff van goens de Jonge geresolveert
671 3598 2972 3754 en _:o Pommicus van Dorsten, althans administrat:
10 3619 583 3760 Domnias Van Ponten
15 3724 610 3826 Commandeur derlanden
593 3725 2845 3869 en president jnde raadt van Justitie tot Colombo, te
2 3795 368 3912 van Colombo
605 3801 2798 3979 vereeren, met de Caracter van Commandeur der
601 3908 1880 4056 handen van Colombo. Item
535 4077 2845 4238 den L: Willem van den 1oolen present dessover
2600 4238 2793 4326 van
