3099 4707
2852 -11 3054 151 194
1027 92 1185 233 1
3 259 136 347 v
2824 134 3025 380 131
309 484 2409 713 Wijders is goetgevonden de fluijt Sparendam, met
2451 563 3078 738 de fleuijt Sparendam
-21 640 2395 824 - . zijne zout last van 151:' Coijangs op 21:e passado, van
2464 704 2996 799 met zout sen andere
2478 765 3007 861 Sehoeften waer de
231 720 2454 929 Japare hier aengebraght voort teschicken na de west
2504 822 3082 957 opstcust voort te
236 855 2723 1043 Cust van Samatra ende daerjnne met eenen nogh voor senden
100 925 2264 1138 die Commanderije te laten mede gaen, soo veel
215 1083 2431 1263 suratse dienstage kleden, en andere goederen als 'er
241 1164 3060 1384 present bij de handt zijn, benevens oock den assaijeure in den afaijde
2436 1310 3067 1418 Hofman en In veel
272 1302 2321 1467 Joannes Hoffman, en sodanige bergswerckers, als 'er
2454 1379 3074 1492 Berghwerkers als er
2471 1451 2935 1590 endstant sijn
234 1450 2458 1611 Jongst, met deschepen hina &:a uijt het patria, zijn
256 1524 2280 1683 overgekomen, om het werck der goutmijnerije tot
235 1649 2477 1848 Sielida, na de ijverige Intentie der Heeren meesters
205 1749 2423 1987 met alle vermogen voort tesetten, en soo veel der besten
2451 1782 3031 1959 soo veel goeden Ert=
2404 1836 2471 1950 —
2498 1933 3035 2035 uijt de goutmijnd
204 1912 2501 2098 Erts te doen jnsamelen, als eenigsins doenlijck zij, omme
2516 1990 3020 2090 te doen Infamelen
2532 2060 3082 2154 Voor 't Patria als nee
238 2025 2525 2188 tot ballast voor de schepen, na 't vaderlandt te dienen gelijck
2535 2131 2709 2215 kan
225 2125 2526 2317 dan mede instede van voorsz: Hoffnan, den Luijten:t vlicolaes
2522 2185 3006 2304 den luijt: Eijsther
2515 2279 2957 2360 van daer te doen
215 2228 2506 2418 fredrick visser, met naeste occagie zal hebben herwaerts te
2516 2341 3010 2453 Herwaerts Comen
233 2372 2510 2528 komen, om ons vande waere nader bevindinge, der mijne en
219 2455 2496 2650 zijn aldaer genome assaijen ten genoegen der Ed: heeren
234 2564 2522 2755 principalen soo wel mondelingh als schriftelijck rapport te
218 2662 748 2802 berengen. &:a
255 2760 2513 2992 Den adsistent Joannes de Wolff, versoeckende met zijn huijs„
2524 2821 2950 2982 den adfissent
229 2913 2524 3044 vrouw: en familie na Malacca, te vertrecken, om aldaer
2525 2909 3113 3053 Ta: de horlff na
2531 3011 3025 3123 Malacca te gaen
163 2980 2454 3153 geemploijeert te werden, is hem sulx geaccordeert te
2517 3081 2880 3199 Omemploij
217 3127 2520 3268 weten soo hij genoegsame bequaemheijt heeft, ofte dat ander
211 3162 2281 3372 sins zijn gagie ten eersten zal werden afgeschreven.
11 3350 2499 3586 Batavia in't Casteel aatum als Voren
2274 3408 2342 3523 27
2097 3577 2917 3822 van goens
2413 3635 2698 3968 h
2086 3900 2709 4097 Vean
646 3897 1513 4096 Van JampCiltijin
715 4258 1011 4425 e
1939 4231 2703 4427 Anth Huren
1883 4451 2903 4654 M: van Darshuore
2689 4575 2796 4683 t
3050 609 3134 726 —
