3092 4618
-11 2769 135 2939 6
2796 29 3026 187 733.
2761 163 2991 321 233
288 315 2464 727 Wijdagho 22:e Iulij 1678
224 1186 2335 1417 Den Chinees Muacboda. Coongelauw, jn Canton Hhuijs
190 1365 2283 1509 horendeende met onse Licentie vande borgers deser
191 1440 2498 1562 stede gekoght hebbende het saghje de Brack versoukt
201 1517 2412 1647 althans bij request seer ernstelyck, na dien de chinesen
182 1621 2404 1762 met de Hollantse seijlagie, niet wel en konnen
2426 1607 3074 1775 dena: den 23 Anachada
2451 1740 3082 1856 Jongelauw toe gestas
191 1690 2456 1894 „te reght geraken, een stuirman, en eenige jnlandse
2457 1800 2995 1920 tot been den z
193 1844 2285 1951 huirlingen. tot overvoer van gem:te bodempje te
2458 1812 3080 1986 scheepje enige minders
2466 1943 2976 2049 alhier te moogen
191 1940 2350 2094 mogen mede nemen, op ’t welcke dan verstaen zij
2492 2018 2719 2140 Muijver
195 2018 2523 2197 hem te accorderen sodanige jnlanderen, hier jn te huuren
203 2138 2492 2297 als hem tot die poijagie sullen nodigh zijn, te weten.
213 2280 2344 2434 na de Maccause Eijlanden, van waer hij jut
140 2360 2468 2527 begin deses Iaers, met ecne der zoucken gekomen
2433 2438 3009 2661 Op Gaeht Insigoiten
215 2465 2375 2646 is sonder verder gevolgh, en dat te meer na dien
207 2553 2482 2762 gemelte Ana hoda. verklaert, den Cantousen onder
186 2665 2468 2857 conings, daer mede een aengenamen dienst te geschie„
211 2788 2429 2940 den, en hij sulcks voor een teken. van onse vrunds
214 2821 3054 3062 schap te erkennen staet gelijck sulx sodanigh oock en sulx ockin zijn E
2433 2985 2853 3083 Cidul te Noteren
218 2987 2001 3185 in desselfs passe zal werden uytgedruckt.
142 3167 2498 3378 d’ opperhoofden vande fuijt de Berckneer versoekende
208 3306 2490 3460 om de prenne van haer uijtreijse wegens de Camer
202 3385 3028 3581 Amsterdam gedaen jn 5 dagen min, als 8 maenden doperondere
2476 3526 3025 3634 Hruijt B
165 3509 2405 3684 zedert 3: maij tot 29e: december des vergangen
2474 3594 3013 3697 voor Gedane uijttejse
207 3640 2479 3781 Jaers over Caeb de goede Hoope, is goetgevonden
2479 3665 3021 3809 I„o Pranie Torgeheijt
221 3703 2426 3889 haer  accorderen halve premie te weten na
212 3849 2452 3995 datse wegens de gehoude consumptie, der provisien
207 3916 2503 4070 in voorsz: tijt, nogh iets naders bij den H:. Directeur
215 4016 1812 4189 Generael. sullen hebben ver antivoort
2072 4158 2315 4326 alloo
1962 4322 2048 4457 af
