3158 4669
2850 17 3107 195 30
2755 152 2959 311 381
352 453 2218 682 eege  dij hee Crenst dte al dat 2l
360 645 2644 833 gemaanke Contact teeleen de bentgende: E: Cegnge
597 786 2083 978 vvld in sijn besiee metde
1002 951 2395 1153 et wort venomen om tompandien
1963 1118 2066 1250 d
559 1100 1875 1262 memaende Komsoee bodij
723 1279 916 1426 we
2804 1357 3083 1588 enk
237 1406 978 1590 ielewde wijder
2950 1501 3060 1629 dn
367 1531 2333 1741 Enweger van sin noddiseersorght, en vo
448 1646 1533 1878 d L n ag e eeaet e
865 1777 2940 1998 edes om daatjimesserder naer desen van Redeln e
2607 1890 3081 1991 ondersud een de
2627 1959 3129 2044 dt beramen an
353 1946 3095 2145 sodanigen vasden vor te beraamen, en alsie meet in bijn wader ovr ham
2731 2092 2960 2182 nnern
354 2124 2617 2351 dequare te onteen als men den dienste van de genedali
466 2255 1808 2480 omb sal nodigh endiconer agtten
478 2386 2675 2646 afdaar van den 1esiemen staatmaackd in aprakan
1387 2521 3082 2779 en de selde dedreckesser van de suij stervouw
468 2625 848 2792 sulle ge
2614 2701 3069 2783 oe malaca nia
342 2748 3079 2948 Janskanche en wistejveld u nogh over malacca derw=ls aman aengetijk
2605 2821 2904 2943 om bijd—
342 2867 1701 3112 aangegkt de flonst spatwoude
376 2944 3170 3216 En omme theede sapara betonde en afgevaaren han van stastelinge
2693 3140 3014 3252 ae ter
345 3147 2695 3363 schip zuijdvolsbroek te vervangen tsteuijt schip den Basonborg:
341 3319 3169 3542 sijnde wijders oock verstaen de sceuij ovanbroek soo harst de suijt stankoul
2607 3511 3103 3624 in de strald kinda
350 3518 3077 3668 deselve vermalt, en gereed sae wesen, na de sealt bunde taan bruijssen in
2616 3658 3135 3812 Plaeis indo Jonas
352 3686 2530 3844 de stieren, om aldaer te Cruijsten in plaets vande
380 3811 2663 4033 gehuurde fleuijt de zonas, die moet herwaerts komen
2284 3986 2627 4162 omme
