3159 4695
2852 7 3095 187 1
28 28 201 220 96.
107 202 261 377 16
654 412 2858 650 10:e Julij Anno 1658. gemaeckt haer volck door
684 579 2809 725 de Taccatrase Iurisdictie te zenden, sonder ons
692 697 2678 827 voorneten, en consent, ende dat wij sulcx met
677 809 2870 989 langeren sullen konnen gedogen, maer met alle
683 895 2890 1087 vermogen tragsten tegen te gaen, ende bij aldien
683 1037 2952 1213 zij ons volck vijandtlijck mogsten komen, te bejegenen
572 1123 2904 1303 Is verstaen Jaer jn sulcken geval mede weder
70 1110 574 1299 Enbij vand Eijeke
80 1263 644 1374 Ontmoetinge derselver
685 1256 2925 1442 aen te ttasten, en soo ’t mogelijck zij tragsten meester
87 1330 621 1423 hun dan weder aen
100 1398 392 1494 te tasten
684 1384 3043 1540 te werden. &: Welcke onse voorenstaende gesolutie
680 1520 2956 1663 en te doene uijtsettinge dan toock nodigh en dienstige
701 1612 2972 1775 geaght is, den ouden en jongen Coninck van Dautan
75 1635 667 1799 en den ouden en hongen
108 1763 622 1865 bantamsen Coninit
720 1735 2951 1934 der bij een briefken van eenen jnsout jn ernstige.
97 1820 660 1931 sulx bij een bruffie
78 1897 640 2001 bekent te maeken
688 1851 2951 2033 expressien bekent te maecken, met alsulcke redenen
692 2012 2841 2120 meer, tot betuijginge onser genegentheijt tot onder„
680 2138 2835 2256 houdinge van vrundschap, en protestatie tegen
692 2200 2868 2387 alle onseijlen, soo zij jn hun quade en verkeerde
701 2324 2959 2491 dessamen nogh al mogsten willen blijven volharden
692 2442 2879 2635 als te dier materie best en bequaemst zal konnen
690 2581 1634 2740 worden uijt gedruckt.
646 2707 2820 2910 Radien den E: Cap:n Isaacq de s:t martin, die wij
683 2865 2879 2995 bij resolutie van 10:e Januarij verleden 't vervolgh van
686 2968 2832 3136 saacken op Japara, en Javas oostcust met de her
2946 3103 3004 3234 „
694 3049 2852 3270 waerts komste van d' E: heer directteur generael
678 3177 2910 3382 Cornelis Tpeelman. hadde aenbevolen hem helven
660 3289 2881 3510 daer dan op een voorsigstige en beleefde wijse ten
664 3431 2955 3590 gefondeerde jnsigsten heeft geexcuseert, sonder nogstans
694 3531 2823 3678 sigh onder een ander aansienlijck persoon als opper„
721 3658 3048 3801 gebieder met zijnen dienst van daer te willen ontrecken
690 3747 2883 3904 soo is na deliberatie daer over en om te bethonen dat
99 3770 630 3996 Ons in de hulje des
713 3864 2903 4016 wij den sousouhounangh nogh de zijne niet en komen
110 3926 697 4047 Sousoukounangs met
116 3999 552 4146 te Verflauwen
701 3970 2862 4152 te verlaten ofte jn onse trouwhertige hulpe te
2484 4105 3008 4233 verflauwen
