3025 4687
33 20 244 169 254:
87 158 324 331 234
27 1283 625 1545 e e teeg en en
41 1526 326 1622 Malacca
26 2708 609 2872 P verstaen de mooren
37 2838 596 2950 daer sonder onse passen
39 2910 585 3021 Verschijnende in arrest
63 2970 329 3082 te Htouden
17 3155 78 3262 6
4 3156 585 3342 to haer op ordre van
22 3307 540 3422 Hier wirt Versoght
20 3625 598 3790 maerdie met onse, off
50 3746 623 3861 ingelse, of dienze passen
21 3814 584 3958 Sijn Voorsieh: te gedogen
27 3962 635 4103 mits aenstonts 20 p=s L=os
21 4079 598 4194 thol Voor in in uijtvoer
31 4141 290 4266 betalende
834 372 2864 758 Tijnsdagh 9: Augusto 1674
2340 798 2877 974 1 „
612 1128 2743 1313 tte besonngeen werdende over de zaacken van
648 1280 2985 1435 Malacca als wewaerts d’Eh:r xtroordinans
634 1413 2953 1531 raad. en geeligeerd gouverneur Iacob Brist pitb:
631 1485 2894 1658 metsel schip nieuw noordwijck nevens de faghjens
603 1585 2925 1791 Dantam, ende hoop Jut eijnde deser weeck. staet afte
633 1734 2899 1884 gaen Soots voor verst gesproken wegens, de
632 1840 2772 2041 schadelyckheijt de moorsevaert van Cormandel
628 1977 2979 2161 en Elders op Malacca, Jnt belans van Comp:s eijgen
631 2077 2765 2240 negotie, ende bijsonderlijck den vertier van kleden
630 2155 3003 2344 waeromme oock al bij resoentie van uld„o maij laessleden
634 2333 2859 2460 is vas gesteld voortaen geen passen al doos meer
641 2457 2918 2608 ter custe na Malacca stotsin, ofte de daer om ter
630 2553 2902 2713 gelegen: quartieren de doen verlenen, ende daer
637 2660 2909 2807 op den dien regaarde als nu nader versren, dat
644 2754 2952 2928 de mooren die hun Eghter moghten verstouten sonder
639 2879 2912 3038 onse passen; op voorsz Malacca, te vershijnen
613 2963 2985 3165 Jnsulck geval met schi, en ladinge sullen werden
605 3060 2857 3231 jn arrest genomen, en gehouden, der tijt en wijle
634 3174 2959 3324 daer van aen ons alhier kennisse gedaen, en ordre
626 3287 3011 3447 op versoght, en afgewagst zal wesen, maer bij aldien
623 3430 2946 3561 onse Copperhoofden, door de moorde grooten tottet
632 3523 2964 3719 vereenen, eeniger passen, moghten werden geforceert.
635 3640 2947 3828 off datse hun wel andersins, met die van d’ Engelse
636 3738 2826 3931 off deenen moghten hebben versekert; soo zullense
619 3860 2953 4038 om redenen) moeten werden gedooght, maer als dan
650 4008 2984 4151 oock subject wesen, aenstonts 't' haerer verkhijninge
635 4070 2843 4250 20: p:s C:o voorijk en uijt voer hunner Coopmansz
2641 4244 2812 4349 te
