3084 4702
41 30 261 190 246.
74 179 420 371 246.
552 473 2883 650 de Compse dis aende sants gebleven, soolis best geaght
611 639 2923 773 'tselve te doen verlopen een vande zant te gehuijben
572 742 2537 874 voort geeed dat de zal willen gelden onn
1749 847 1915 976 1
2107 850 2493 997 2 ol
649 876 2689 1088 Alloo den ouder Jnlants Coopman veronderdas die
31 915 558 1087 de Laatentie van
25 1059 584 1158 sonderdas wegen door
589 1002 2894 1209 t:e nogh een goede somma, van peijningen, aen de Comp:s
38 1119 638 1227 over schult Van Willers
643 1127 2787 1321 den aghteren saat, op syne afreeckenigs faerlijcx
19 1181 595 1290 Van Ehiren niet
49 1262 421 1357 aen tenemen
652 1236 2718 1425 gewoonis te renoveren, sekere zijne presentie
1903 1357 2891 1532 op de laast gevlughten
613 1347 1891 1545 die sij aln van eenige haeren
653 1478 2886 1661 ondercoopman, Willem van eckeren, is maekende
650 1588 1896 1726 ter somma van Jor„ ropias
1929 1594 2720 1787 omme die op Comp
653 1677 2898 1874 reeckening te doe vanderen, en waer voor de E:
624 1812 2655 1992 dolger vreesde dat het ten laesten nogh aa soude
592 1933 2897 2114 moeten komen, is oetgevonden te ordonneren, dat
645 2048 2910 2244 wij daer tot geensins en konnen versaen. maer dat
32 2108 629 2287 Jaer h n Rang
644 2172 2970 2369 den seeven, en zijn confraten Rongsiordas, hun schult
40 2239 577 2347 „n Fordris pm Sil
31 2310 622 2406 aends Comp: in tgeheel
660 2293 2877 2499 aende Comp:e na debillickheijt jnt geseel sullen
26 2369 465 2477 Moeten Vor do
648 2421 1343 2577 moeten voldoen.
20 2665 649 2824 n soot de den Coopmm
682 2629 2783 2872 En sodanigh oock den Coopman David van den
38 2780 608 2872 Jand Vnden Henmel
632 2777 2829 2970 heel, aen dE Comp:e zal moeten vergoeden, sekere
37 2842 578 2928 de 6. pachen voor heen
31 2909 624 3004 Vermiste zijde uijt de
661 2863 2880 3026 bvermiste packen zjde al een gernijmen tijt voor
40 2975 582 3108 Ougtsze Packhuijsen
645 2988 2910 3130 leden, uijt de Iuglijse packhuijsen, en weswegen
646 3086 2766 3265 nu al diverse reijsen over en weder is geschreven
26 3135 587 3306 mits Houdende zijn
641 3185 2896 3400 mits behoudende zijn guarant, op de gemedie hij
25 3285 604 3411 Quarant op en ander
647 3352 2945 3503 te raade zal werden, als voormaels J Junijses
673 3417 2924 3627 Jaers 1676: reets van hier noghmael is geordonu:t
645 3551 1161 3713 geworden.
631 3857 2931 4034 Bij resosutie van den 13: passado, onder de Cormandelse
630 4012 2896 4133 besoignes, en ’t regslement voor dat gouvernement doen„
626 4078 2854 4248 maels opgestelt oock genoteert zijnde een smitatie
2643 4276 2839 4367 van
2889 2975 2949 3099 11.
2967 581 3021 722 6
