3112 4740
49 82 242 206 120.
2449 162 2617 331 1
79 219 347 416 120
676 437 2762 614 verkiesen, den E: Jacob Derburgs, hebbende een
681 579 2996 716 lange reecks van Jaeren, jn die Landen geresideert d=
672 704 2829 847 en bevorens oock tot twee verscheijde maelen bij ’t ver
680 805 2978 961 treck vande Hr: Ranst, en 't overlijden vande Hr: de Haze
668 903 2990 1089 het oppergesagh jndeselve directie provisionelijck bekleet
666 1024 2855 1162 ende nu zedert zijn aenkomste op primofebruarij —
668 1132 2906 1304 passado, alhier ons met desselfs personele presentie, oock
669 1206 2124 1379 ten vollen contentement gegeven.
783 1351 2950 1563 Ende alsoo de secunde persoons plaetse in Bengale.
673 1503 2897 1668 zedert het jongste vertreck van d E: Verburgh mede
669 1608 2706 1761 tot nogh is opengebeeven, daer toe oock wel een
662 1711 2860 1828 ervaren, en capabel, man komt te vereijsschen, soo is
2853 1821 2970 1912 m
34 1754 638 1978 AamdE Sustinu
686 1835 2949 1992 reslepie genomen op de bequaemheijt vanden oppercoopm:
83 1897 649 2004 Weijns als ecuwdede
693 1908 2664 2064 Justinus Weijns (dewelcke jn voortijden mede
92 1947 634 2092 bengaelze direcing
672 2036 2762 2195 lange Iaeren, jnde moorse quartieren geverseert
670 2134 2839 2293 en nu jongst de besendinge en negotie in 1locha tot
681 2275 2882 2419 genoegen, volbraght herst. en toenmaels al eenigsins
674 2361 2884 2505 toesegginge hier van gedaen zij, en oversulcks met
666 2468 2900 2637 eenen verstaen denselven E: Beijns, jn die absolutoe
668 2569 2845 2705 secunde plaetse naest den Directeur jn Bengale
674 2703 2908 2856 bij desen te promoveren, omme als opperhooft jn't.
671 2781 2871 2945 Emportante Comptoir Cassimabazaer te resideren,
33 2838 537 3009 den Op t Cop man
670 2906 2958 3049 sullende wijders den oppercoopman Mattheus Derckman
37 2968 669 3077 Mattheus Berkman als
57 3027 677 3127 tweede bij d’E. Weijns in
680 2985 2945 3143 die voor dato 16 gelicentieert van Conchin na beugale
51 3105 685 3237 Cafsimabasaer te gebruijken
682 3099 2931 3302 te vertrecken om emploij tesoecken,) bij zijn aenkomste
619 3185 2887 3340 aldaer dan als tweede off naest bij gesegt de E: Weijns
664 3294 2810 3477 jn Cassimabazaer werden gebruijckt, ende den Coopman
726 3417 2844 3569 Jan Pit die deselve functie present bekleedt, weder als
53 3379 644 3566 Jan Dit als doede
45 3530 668 3623 adminissrateur Naest den
675 3529 2881 3683 tweede administrateur naest den E: Harman fentzel
67 3597 596 3693 E Herman Putzel tot
678 3620 2809 3775 ten hooft Comptoir Juglij. geplaest, en verder alomme
71 3651 256 3763 Ouglij
695 3708 2866 3871 jn die directie sodanigen veranderingh, en verminderingh
34 3735 673 3856 besnoejinge der lasten en
57 3829 678 3920 Sifporsnnaer bergle te
695 3817 2820 3937 van suppoosten, en besnoeijinge der swaere lasten
27 3881 552 4009 Recommandeede
684 3918 2840 4030 en onkosten, moeten werden jnt werck gestelt, als
687 4012 2821 4168 bij onse afte zendene ordres der waerts nader zal
677 4114 1494 4260 werden verklaert
2597 4295 2823 4450 Ende
