3088 4669
2737 -2 2949 179 279.
2637 172 2949 355 277
112 546 384 809 nE
59 804 1361 975 dellist t pisimijn Jmaet
2201 786 2399 948 n
83 951 1799 1103 en pacij bij zys Pedien  dilen
54 1078 2397 1262 heeft gegeven, dogh tot voor geen verbegeringe heeff vngeligen
2336 1114 2990 1298 0 E: bane Javt als
101 1246 3007 1407 wert tegenwoordigh, op sijn versoeck, daerbij van dien je of, viscateir general van 29:
2362 1337 3001 1439 occober pass=o Verbeeerd tot
87 1316 2813 1567 beroeft met de ordinarij belooninge van donderen vijfdigh opo gesmaents
80 1473 2230 1696 guedens teriaendt  En: naedemarl den seren bij
80 1623 2225 1847 1 solitie van d: Jubij pass=o nu oock is gevligeert p
145 1763 2351 1948 Den ulissaris dn direldelie van Compag: Emportna
2293 1824 2986 2014 En vonde als Commissaris
105 1925 2210 2090 ogte on ommetlaigh in boumnta; soo hedban
2339 1965 2942 2069 endiucteur van Souratta
2330 2039 2890 2141 tot 180. gl. van dat hij
2319 2093 3005 2222 transport Van d’ H:r abbema
102 2046 2204 2275 weder in die suncte wedelegen een fracterent van
2347 2175 2761 2319 Sall Overnemen
58 2204 2221 2400 odtinaghendigh guedens ter maende gErcecke
85 2345 2313 2561 laeste verbeteringe salenendagd: danneesin
94 2485 2358 2722 transport der 3over dicecen tijt vanden van den Heer
100 2638 2361 2863 Eeaadd laar bievandaana gecoretetend
21 2823 2317 3041 de Eigelse en deenze agenden tot bantam Hobbert
103 3017 2284 3217 parker, en Ioan Bachim paulij bij een briefken op
114 3195 2256 3368 Eergisteren ontfangen te kennen gegeven, en versoeck
2341 3229 3033 3404 Op t Versoek der Engelsz
2352 3360 2998 3472 en deenze Residenten tot
100 3343 2343 3486 gedaen hhebbende, dat zeker scheepje gen. de bonavontura
2354 3440 3028 3533 bantaen Wegen een Schupje
2337 3503 2967 3604 Op de naem Van Pangiaan
103 3444 2248 3640 weeck zij voorgeven gekocht, en afgelaaden; dogh onder
2341 3564 2877 3654 Riedol na Manicha
2373 3629 2620 3781 Versonden
89 3643 2173 3816 des Conincx van bantams vlagge, en op den naem
86 3743 2216 3951 van pangerangh Coelongh ter negotie nae manilha
108 3919 2411 4149 versonden te hebben) in Cas van Eengeonlusten, tusschen ons
2159 4131 2289 4262 En
