3014 4613
1957 -107 2048 53 0
54 -6 270 149 144.
2108 136 2206 264 1.
103 168 267 334 140
8 384 634 602 Alentenkt
1001 387 2453 590 tot Regenten van t Vrouwen
173 505 570 662 on
1418 538 1992 740 Tughthuijs:
2823 553 2970 725 5
585 671 2502 928 Diseloff vander Beeck t beyde gecontinueert.
586 828 1481 981 Dartel Claesz: . . . ..
52 957 574 1122 Tegentes Ban 't
1056 987 2415 1187 En eijndelijek tot Regenten
69 1070 600 1208 Hazarus Huijs
1133 1129 2094 1322 van't Jasarus huijs
2858 1228 2946 1309 4
609 1280 2098 1445 Willem ten Reijne gecontinueert
585 1411 2216 1596 Harmanus Herckmans nieuverkoren.
595 1602 2913 1769 Alle welcke nieuw verkorene Collegien, op overmorgen
601 1710 2884 1853 naer de aghter middagh predicatie, jn dese raadt Camer
598 1795 2831 1917 sullen werden geroepen, omme na dat de afgaende voor
597 1897 2919 2036 hunne diensten sullen welen bedanckt, onder den gewoonl:jk
593 2001 2779 2129 eedt te werden aengenomen, en bevestight; na dat
594 2099 2894 2221 oock die vant Collegie van kleene saecken, den Eide
602 2185 2865 2327 van purge gelijck schepenen sullen hebben afgeleght
603 2323 2954 2490 de H:r out extraord: raadt van India Anthonij pavilioen
35 2344 586 2511 Versoek van d Hoer
61 2451 620 2573 Mavilioen om supplub
603 2479 2832 2627 heeft doen jndienen, seker request daer bij verthonende
15 2544 626 2651 Van zijn Commandeende
57 2605 2797 2740 Gagie zedert No. 1658. dat hy vanden jaere 1658. tot 1665. de plaetse van
86 2682 368 2791 Not 1665.
599 2684 2846 2829 Commandeur tot Jaffanapatnam bekleedt hebbende,
599 2784 2757 2899 daer voor toennaels door gaens, niet meer en heeft
608 2872 2871 3014 gewonnen als 100. guldens ter maent. en over sulcks
597 2995 2944 3128 bij desen versoeckende dat hem het surplus der ordinare
608 3066 2811 3198 Commandeurs Jagie tot 150. guldens ter maent van
618 3181 2706 3295 die seven jaeren, als nu alhier moghte werden
610 3292 2955 3444 boet gedaen; waer op na deliberatie verstaen is die
32 3343 617 3522 dat uls ongesondeert
617 3389 2855 3555 pretentie als ongesondeert jndese tijt, afte wijsen
58 3481 608 3603 wert Affgewesen
613 3484 2975 3676 en dat men daer jnsjegenwoordigh niet en kan disponeren.
607 3631 2887 3763 behalven dat oock de gagie van 150: gl:s juijst voor
586 3725 2900 3891 geen vast tractement der Commandeurs kan werden
602 3868 2889 4018 gehouden, dewijle die nade gelegentheijt van saecken
596 3948 2250 4096 en diensten ordnarij wert gereguleert,
2493 4066 2732 4181 alsoo
309 4348 377 4471 „
661 4363 776 4565 5.
