3037 4529
12 34 97 209 32
178 135 395 319 38
975 238 1058 378 8
625 340 2871 563 te lijden, en daenr op goetgevonden tot voorkominge van dien
626 508 2743 662 alomme tijdige waerschouwinge te doen, gelijck zij doen
613 606 2817 777 bij desen namentlijck dat de geene die sodanige goederen nogh
642 735 2699 913 moghtten aende handt hebben, hun deselve sullen moeten
631 840 2758 1030 quijtmaecken voor het eijndigen vande aenstaende maent
633 932 2729 1114 Junij, na weecken tijt deselve kleden, en Amptioen, hier
620 1068 2771 1222 selders soo binnen als buijten dese stadt, onder ’s Comp:s
651 1215 2875 1360 jurisdictie bevonden werdende confiscabel, en verbeurt sullen
634 1275 2845 1445 werden verklaert. sonder dat dien aengaende eenige excuse
630 1408 2920 1578 van onkunde zal worden aengenomen, waer na een iygelijck
635 1525 1842 1697 sigh dan zal konnen regueeren.
619 1687 2979 1866 Voegens outgebruijck is ooetgevonden, en verstaen
66 1823 2878 2011 Sneling die mindelen alhier jn't resolutie boeck te jusereren. de rekeningen
110 1962 580 2049 van de nederlandze
105 2017 643 2141 Sijlrk deser stede
653 1936 2859 2161 vande middelen, en jnkomsten der Nlederlantse en
644 2099 2792 2285 Jnlantse kercken, zijnde heden door de respective
2769 2222 2871 2335 _
651 2217 2785 2376 kerckmeestens Pieter Elmersen, ende Adriaen
642 2361 2890 2509 van Dijcom jn Raade van India overgelevert
1079 2503 2850 2852 Reckeningh van mitselen n bonsten
1082 2800 2871 2971 Ende uijtgiften raackende de tederlantse kenck
907 2898 2832 3047 deser stede Batavia. begnende pro. Januarij
1043 3002 2788 3124 1636. en eijndigende ult:o December daer aen
1052 3125 2793 3250 volgende soo die heden door kerckmeestens
1064 3162 2944 3351 jn Raade van India gedaen, en over gelevert
1022 3200 1101 3350 1
1039 3291 1315 3418 wert
605 3546 2747 3781 Ult:o Secember 1676. is het Capitail s0o in effecten
835 3710 2806 3884 gelden op Intrest, en Contanten geweest gelijck bij de
2119 3811 2933 3969 .- . . . . . . rycxd:s 7804:151
848 3826 2139 3981 jougst gedane Rekeningh blijckt.
1798 3927 2912 4156 Tempere 495: 360:15:
2942 175 3056 330 1¾
