3111 4669
31 59 300 226 260:
204 200 463 378 268
1067 554 2781 784 wge daa ondenes oek bodwdigh andialijchd: gestod
692 729 2734 903 lsenen er bevindinge van sachi botndeelen desee
679 823 2878 997 daorop de fesfitie Siucaels  verdere bof officier en sergijstie
704 917 2940 1065 als vamendijck den Pakeun, en Landdros den werden tresselijck
704 1032 2880 1157 do sonder aensien metersmen de ndouniden
698 1154 2738 1299 en daanwvkeung ten teleten den de pigileelg, e onse bordoe
705 1231 2784 1366 ondender Beenn meesers den tegovensten uijtde doene
731 1345 2895 1505 o de gendoende meele om: dat aes
717 1464 2752 1638 den Boogis den  gelegen; Merdun sor dan rn voick
709 1570 2879 1736 onsenoereijd de schipers n verdere scheepsofficieren sullen heboee
727 1664 2948 1827 de souden voor gewaerschouwe, alsoo ed vasesend: dat buijden oom.
711 1811 2869 1963 van dese ofivieren, gevie goederen binnen seesboort hangebract)
706 1894 2953 2085 worden, en dijen volgens den en voor den anderen sal moeden beseaen
798 1988 2843 2190 daeijder zij dan voorsightigh an haerbeven vervandee voorsend
713 2071 2947 2279 en sorande desthoeden sullende de aenbrengers van sodanig ovbegen
720 2248 2862 2381 ied mindergenieten als part van alse sodanige goederen als
709 2361 2816 2517 ende schepen sal aehderheeft, en noghtans nate naemen verstrgen
704 2444 2906 2634 Worden, en sodanigh daernboven worden geadpanceerd en bering
674 2561 2927 2725 bdieningen, als sij sullen bequaem geroodgeltk vorden: tlijk diseanigh
714 2674 2918 2853 dreste ordre et Heren neesders is dieerende pnmede brengende
714 2795 2723 3029 boec nu het dweede bilijct of placcaet soo op Pet
701 2942 2928 3156 nader versoeck der ijnesepasser sidters, en pleede gerkoopens
683 3130 2902 3258 tegen den aenbrengh van alle pemde lleden  ampbioen
695 3229 2817 3442 als wijders tegens alle Jnkoop, den handel van verscheijde
687 3358 2920 3508 andere oopmanschappen door de ongesetenen deser seede
696 3525 1695 3690 Gelijck hier onder blijcht
639 3690 2952 3974 Rijsles van Goens. Touverneer Gouveel, met gadle
644 3857 2741 4080 de Raden van nederlants India, allen den Genest die desen
692 3997 2583 4189 Sullen sien oofte Hooren Lesen Saluijt doen te weten
695 4094 2906 4295 aeodemael de ordre op 18: februarij deses salf bij ons verleent
2712 4248 2793 4344 e
