3129 4558
2875 42 3089 210 321
2773 311 2962 454 38
166 526 2425 815 trac litieib te deieten te uijders, omme
238 732 2968 880 d Coumpag:s en geen met den swadre lasten in te mekeln, onde swesingie in
2496 868 3035 1009 Coffijden, te sraghte:
182 827 2438 1008 maer wel hevet te inssuagie en diethiten alaamen
216 975 2404 1188 bietigelsck te bedennigenij En: bee denen het alsaan
231 1131 2306 1309 van ons vermogen niet zij, beven deteubleee Iaga
208 1210 3058 1434 bostcust als neet andre Jnconvenieten toe geEbet D:e Eersoghte 30o mili
2402 1368 3073 1527 kannen nu niet senden
195 1392 2409 1613 300. militanen naer Beijlon te lestellenwelk hin ook
172 1530 1729 1758 tot naereget te moeten diende
146 1677 2285 1900 Mietomin dat Egter he onder gepotie stollen der
2361 1715 3073 1896 ot onder devotie Stillen
2416 1858 3060 2002 n Haanias Wertegt
201 1859 2271 2029 vannijsen met de dat van ijla, voorein nodig
2427 1925 2876 2067 nodigh geoordeelt
201 2011 2446 2191 baake ve gehouden, en aengesign als men daerdoe buijnpe
2388 2090 3060 2292 daa oer dienslijk naasen
159 2143 2234 2324 nmat aende qnshadde, daer wij ons Ehoer
2356 2218 2918 2389 adir Sal Verclaren
97 2264 1727 2480 nadesen naeder gedenckend verklaaren
223 2377 2437 2634 Enomen pacriciuieren haeer rlommmenogh gebepeter„
2392 2499 3026 2716 M: Comanerd
192 2591 2335 2771 beweeren en uytterejen e sullen de twee placcaa
2401 2671 3060 2782 Placcal dato 12. aug=o
2424 2751 3062 2863 Op Cheijlon mede te doen
175 2723 2399 2919 bij onse resolutie van den 13:' aug=o utgedruck, oock naer
2473 2820 2811 2961 Obrerveren
189 2858 2463 3061 helon weden gesonden, omne gldaer insgelijx gpublig:
180 2972 1474 3184 nouw geobzeveert te werden
96 3102 2437 3362 dwijleden sdoup: en lagdt met goet overlegh verijts
2366 3186 2947 3392 He ligen dende
104 3257 2382 3493 de besoeftigheijt van het wers huijs tot Colombo: hetselve
2398 3352 3009 3466 Inkonisten der Clappus
2379 3430 3017 3530 thuijnen aen't wirshuijs
159 3416 3041 3627 de icansander Clapeus thuijnen aldaer tot 450. z: tot Colambe wet gesp: b=s
89 3550 2318 3797 des Jaers hebben toegeleijt, soo wert bijccx mits desen
151 3684 2369 3885 oock geapiobeert, en met veneen Vodige gaght dat ons
150 3839 2241 4094 herlis van hoien een testnente Kortie van de
2017 4027 2272 4223 Jond
