3134 4668
40 13 304 199 378.
2456 234 2585 343 112:
117 167 352 353 348
498 453 2075 687 als voorseun mootn dongelaaten
584 631 2981 814 zj waar voorsen altej Cucolijck bomma van Pesbof.
566 778 2737 958 ermaant is buijdenae; dog is datr op de speriart
507 920 2800 1086 aen gemenctit was n dat het top prcon get hn
540 1082 2822 1237 en aengesantbeeve bij perboden Egtennogh aldogelijg
561 1169 2832 1373 oens gepractisert, en met de groinon den Instigi da
515 1287 2941 1513 omtent geconmgeerd: Eijndelijck goetgevonden het tetben
32 1316 519 1517 De heba
30 1477 477 1584 en Cufaton deer 1ed
539 1418 2846 1663 oevekepe wij sie pen onditie als in vorigelijgen, tegen den
61 1541 392 1639 in Bdd
50 1603 425 1703 Pan te de
771 1568 3000 1816 tep voldaminge onblijntelict oene ven soontwagten,
78 1659 529 1770 enpasten, tegen
49 1731 506 1839 den 1: dese door
646 1752 2949 1939 e sel van det hoorende Jaar, omte sen wet de af
34 1797 514 1924 det loerende date uijd
542 1927 2889 2084 sae comen ongento vert gebujh ngennngen dag
35 1911 485 2066 ensalmen deerd
47 2036 515 2135 Gebruijk dier Penning
527 2008 2831 2228 van teprooederen, het sij voor deComp„ den arnen
31 2092 425 2197 de in dader
50 2163 360 2274 deponnesen
522 2151 2930 2374 ofte andersant naar desen van sijde pondet orden gedisponeert,
526 2347 2991 2507 mm de fuipennen op de sn van banjermastings
521 2509 2914 2668 in va hande begoewete vwangen als de maarte aengelige
624 2649 2831 2819 dfteuntje o sdelena; a nogt peigegedijbe
15 2784 350 2874 Bangot de
1034 2774 2793 2961 sillen overgaer, en pock wederom als doof
542 2778 861 2953 rstge
13 2847 381 2965 Van buen
14 2910 530 3035 onder ondersman
1047 2901 2907 3099 noe coman son van Wodem, jongse
24 2995 499 3079 Jan van Omthelen
479 2998 543 3081 d
20 3055 481 3145 wederom als hoog
21 3114 458 3213 der i o
853 3069 2902 3246 dijn van daerongecemenen den weccken dersalven
19 3171 386 3273 snden
1 3223 2916 3410 en den woneden on sijn versoek ms slijmodijt diiatie me gequalifiee
24 3320 431 3411 Pot an Pit
19 3375 369 3511 te gen se
825 3388 2826 3535 man onstentemen van dtigh guld: dermaett
488 3550 2897 3731 indae dis banden Menot Metasada te tanjangpoura
6 3640 512 3820 En de Quade getuij„
497 3696 2833 3855 oge de geet gende getuijgen ishn de vorencomen ipeten bij
13 3772 472 3874 „genissen van den
15 3836 476 3929 Favaanzen Regens
500 3835 2823 4007 ens m: door eengesanmen ende on geschenck van  drissel
6 3894 438 3998 dutababa tot
9 3968 431 4102 Canjangpoe
2478 3993 2794 4197 heest
