3117 4693
2891 56 3040 214 8
386 210 517 358 3
1839 239 2003 428 8
246 487 2445 649 ende alsoo den tijt ophanden komtt der ordinarij te
230 644 2490 785 oene besendinge over stam na. Japan, tot overvoering
213 759 2530 895 der gerede huijden, en velle wercken &a soo is daer de
2535 753 3133 929 uijt de Voorsigtegstijt
2459 886 3017 991 aangeleijt over stam
244 871 2376 992 toe aengeheijt defluijt de voorsigstigheijt, zijnde den
2491 945 2997 1098 haer Papar
250 968 2402 1127 kloecken en beqnamen bodem. op 26: Acemb: pass: uijt het
253 1094 2338 1221 vaderlandt jongst aangelandt; Ende waer met
250 1210 2429 1386 oock dienstigh zij geaght, tot verdeelinge van het
2436 1260 3082 1437 En daer met z00 salonlijde
234 1325 2393 1492 aftezenden Japanse Capitail, nu voor aff 200:
2453 1408 3088 1528 nae Iapan Voor aff te senden
244 1428 2505 1585 Edelen Bengaelse zijde te laten derwaerts gaen.
210 1595 2480 1767 in het Comptoir Iambij voor aff van eenige noot
231 1769 2538 1913 lijck heden, te voorsien, ende de resident te adverteren
243 1866 2372 2013 dat wij eerlange gedencken een kloecken bodem
2355 1917 2467 2038 —
237 1955 2346 2138 tot afhalinge vande jn voorraet zijnde peper te
2431 2000 3021 2202 d Sonk Sapin da
237 2088 2953 2289 laten volgen, is goetgevonden de sonck sapare ten Jambij te sonden
233 2186 2316 2348 eersten derwaerts te schicken, zijnde deselve
236 2284 2339 2460 alstier behoorlyck vertimmert, en alsoo begnaem
2320 2374 2370 2484 —
179 2408 2359 2598 gemaeckt. om nogh eenigen tijt te konnen vaeren„
225 2569 2444 2775 Dewijle den Coopman Jacob van Dijck, al diverses
2449 2596 3037 2777 den Coopmipan Lacob.
2465 2725 3012 2859 van Dijck toeges taen
236 2736 2352 2905 malen ernstigh heeft versoght, om van Bantam
2339 2755 2429 2871 —
2464 2807 3057 2916 van bantam eens op te
2520 2882 2768 2969 Comen
231 2817 2488 3005 eens te mogen herwaerts komen, tot besoeckinge van
236 2941 2501 3118 zijn siecke huijsvrouw, en reddingh van zijn huijslijcke
224 3060 2552 3205 saecken, soo is hem sulcx als nu geaccordeert, sullende
233 3146 2470 3319 ons, oock met eenen, eens nader mondelings rapport.
242 3281 2439 3424 konnen doen vande geschapenheijt; en toe standt der
2482 3333 3087 3505 its weder al de rivadrig
218 3391 2482 3536 saecken aldaer, mitszij zal moeten staet maecken
2493 3481 2659 3607 Gali
243 3474 2339 3636 omme als dan metten eersten weder derwaerts te
236 3593 796 3743 vertrecken.
235 3707 2284 3885 Gesproken zijnde vande brieven der Boccieuse
23 3892 2357 4049 Tantarise Regenten op 5e: desen met het saght de
211 3968 2411 4129 zijp: door den Coopman, touis pde keijser aen ons
2111 4179 2404 4333 over
