3018 4554
15 17 171 199 6
161 158 362 351 68
576 299 2833 695 Maendagh 14: Mart 1678:
824 970 2863 1166 p het voordragen vande Ed: Heer Gouverneur
628 1132 2914 1273 generael nodigh geagst zijnde onse uijtgesette scheeps.
639 1215 2699 1350 maght na de rivier van Pamanoekan, ende de
648 1353 2770 1510 daer omtrent gelegene plaetsen, nogh wat te ver„
643 1448 2817 1646 stercken, om de Bantammers tot jnder maijo, toe
655 1569 2937 1749 van daer te houden; hun het landen te beletten, en Ee
75 1554 631 1719 Om het derhtegende
99 1685 626 1781 bantammers meester
656 1708 2957 1880 alloo het werck meester te blijven, jndien zij om
87 1747 648 1858 te blijven omtrent Bama¬
85 1798 638 1911 „Notkan A: die van
93 1855 600 1979 Tammodangh e
647 1812 2848 1991 Sammadangs. te beoorlogen, tegen onsendanck wilde
645 1964 2920 2114 doorbreken, soo is goetgevonden daer toe te gebruijcken
640 2051 2947 2253 ende metten eersten derwaerts afte zenden, de Iagsten
51 2057 668 2241 Sijn nogh tot VE„ sterkings
82 2189 643 2308 onser besttinge igt„
677 2157 2695 2391 laman, ende Experiment: mitsgaders de fluijt
63 2256 663 2403 „ leijt de schept: faman,
2806 2290 2920 2404 te
64 2319 483 2432 Expenment.
625 2293 2888 2491 Soesdyck, sullende het Commando, over de boven gem:
72 2390 410 2529 Soesdijk
624 2413 2839 2625 onse uijtgesette maght bij provikie werden gedefereert
65 2538 577 2693 en schipper davist
633 2526 2822 2719 aenden schipper David davidsz: althans bescheijden —
82 2654 517 2738 daviesz aldaer te
66 2708 619 2843 commando gedesendeert
608 2675 2861 2846 op het jaght de schelvisch, een man zijnde van goede
484 2787 1856 2984 getuijghnisse en bequaemheijt„
652 2959 2890 3157 Ende dewijl bevonden wert dat het ons voornamentl:
608 3159 2718 3274 soude komen te ontbreecken. aen bequaem oorlogs
626 3218 2775 3397 vaertuijgh. jndien wij genootsaeckt, ofte gedwongen
624 3344 2761 3497 wierden, met die van Dantam. jn oorlogh te
619 3471 2782 3587 treden, soo is verstaen dE Br: directeur Geneiael
54 3433 592 3614 den Inkoop Van 16. a
54 3576 622 3679 20. Vaertuijgen ten oorlog
688 3558 2902 3743 Cornelis ppeelman, te recommanderen, de besorgings
52 3631 649 3730 na Japaja te fecomman„
48 3686 520 3794 „dent tegens eenige
627 3683 2891 3815 en sncoop van 16 â 20: stucks van 50: â 60: voeten langh
45 3751 631 3879 Ruptuw met bantam
620 3816 2806 3924 soo wel tot defentie, als op de bezeijltheijt gemaeckt
620 3905 2663 4038 ende bij aldien deselve niet te bekomen waeren
505 3999 2860 4172 dat dan sodanigen getal metten eersten aengebouwte
2519 4182 2762 4310 ende
2895 590 2938 674 1
