3037 4614
179 426 2344 644 besten doerelijck aen de man te heepen, alsoude
6 570 2424 731 dock voor 't beshadighde niet meer als ’t kostende
183 704 2407 878 off minder bedongen komen te werden, 't gunt:
186 852 2334 999 het deughtsame dan weder te meer zal doen
201 983 2372 1148 geeden, dogh zalmen eghter, jndiener sigh maer
51 979 218 1121 3
200 1082 2173 1273 kopers toe presenteren. soo veel vande hant
205 1173 2387 1368 schuijven, als met een Centadvance ofte minder
2 1327 2404 1538 verkoght kan werden, bedragende gesamentlijck
199 1440 2336 1667 incoops ƒ 63000. jngevoege vande onderstaende
161 1611 679 1771 specificatie
162 1838 2384 2034 lb. diverse rouwe Barusteen jn verscheijde soorten
1174 1997 1348 2122 d
456 1998 961 2162 kost . . . . . . . .
1674 2017 2435 2187 - - . . ƒ 26859:5:15:
185 2089 1912 2314 Item diverse Darusteene rariteijten
452 2240 1962 2453 paternosters, Coralen R:o . . . . . . . . . „
2050 2301 2419 2437 329::
15 2356 1863 2572 107. lb 4 1/16. oncen diverse bloetcorael jn—
434 2535 2450 2704 sooisten tot . . . . . . . . . . . . . . . . . . . . . . „ „ 29043:9:14:
1400 2641 2455 2892 Simer ƒ 16231:18
145 2770 2376 3022 Op 't aenschrijven der Ed:e Heeren 17:en bij haer
224 2943 3039 3194 Ed:e briefken van den 8:e september des voorleden d Epsitter orer'tsenden
166 3070 2359 3282 Iaerb, 6: deser p:r ’t schip China, hier aengebragtt
2363 3162 3041 3253 Van diamanten uitpatria
2344 3209 3047 3341 Op d'ordre den Hoeren meesten
161 3192 2318 3388 is goetgevonden. den E: Jan Pitter Lite jn
2360 3277 2951 3399 door den fiscael te doen
2362 3369 2678 3480 denppree
82 3306 2367 3532 den. aghtbaeren raadt van Iustitie deses Casteels
168 3436 2375 3601 wegens het over zenden van eenige diamanten.
169 3574 2338 3746 t:a na ’t patria, ende die aldaer bij de Heeren
165 3679 2345 3827 meesters zijn aengeslagen) door den advocaet
158 3791 2370 3985 ficcael van India, jn regsten te doen aenspreken
129 3915 2379 4085 en volgens teneur van die ordre met vigeurjegens
2196 4056 2350 4190 te
2802 -4 3028 199 149
2908 208 2960 337 4
