3077 4645
38 4412 127 4526 1
2885 -4 3026 175 13.
2696 56 2790 168 2
243 406 2476 649 te krijgen, ende oock te vernemen, oft onse afgesanten
247 507 3087 730 tot Bantam, sullen werden ontfangen, ofte wel tot En Een 't honders he
2426 660 3074 780 offen gesraten op turriass
239 676 2426 841 Curtiassa, alwaer den sulthan sigh nu al een geruijt
2442 738 3036 840 O d bantam, soude
2443 811 2929 945 werden ontfangen
228 796 2468 993 men tyt onthouden heeft tot welcken eijnde mibock
233 925 2367 1089 mede verstaenis. na antam de Committeren
2401 952 3089 1120 E dedso n den vooresse
2408 1060 3054 1183 dez waerts zyj Gerommitee
145 1039 2308 1222 den Coopman Jacob van vijck, die wij tot zijn
2392 1139 3050 1243 den Coopman Jacrs van
232 1211 2636 1369 rigstinge sullen mede geven de ponpept inmorien dijck
238 1306 2493 1477 voor den E: ontfanger generael, gerecogemregtie.
230 1468 2454 1613 om bij voor vallende gelegenheijt omtrent de grogten
244 1560 2360 1751 tot Bantams van onse jntentie te konnenst hen
2405 1661 3035 1830 Omte vernemen hoo
232 1661 2403 1861 en onderwijlen oock te veremen, wat van gemelt
2409 1785 2922 1900 onse voorgenomen
227 1813 3063 1947 onse voorgenomen besendinge, te verwaghten zij, hoe besindinge datr ontrange
2420 1932 3088 2061 staet te werden en tbate
230 1934 3063 2125 deselve staen ontfangten te werden, ende eijnde lijck wel van te Vrwagtten
2414 2066 2754 2187 Tu zijn
221 2062 2346 2268 wat met het respect van d’ E: Comp: bist zal
222 2187 2462 2369 over een komen, meer gemelte belendingh te laten
223 2300 1097 2510 voort gaen ofte niet„
289 2564 2415 2812 Batavia jn't Casteelaatan dis boven
1800 2772 2391 2980 Ja66
1596 3042 2678 3279 p. R. Lertwatoe
2164 3694 2513 3893 Ho
1806 4003 2504 4261 Van Camntereir
1776 4277 2151 4404 Seret
