3168 4714
27 54 202 189 240
59 234 312 394 240
631 482 2935 677 een pael geoonden, met een bijl in zijn hooft gehapt en
635 631 2305 792 voorts ter doot gewurgst te werden.
624 774 2971 977 Welcke sententien net te contessien, en verdere stucken
627 888 3046 1066 daer toe dienende, met aendagst gelelen en geresumert
633 992 2728 1186 wesende, als wel en te regsten gevelt bij desen
635 1118 2039 1303 eenparigh werden geapprobeert;
706 1253 2871 1476 en schippen van't schip Coina. voor ten ende de
31 1326 582 1521 V n ant
638 1418 2907 1624 verdere officieren versoeckende om de prenne Iaerer
38 1489 581 1580 schip China Voor
19 1554 562 1670 Gedane uijtreijze—
628 1575 2767 1692 uijtreijse wegens de Camer Amsterdam gedaen
43 1622 549 1776 Jaanie toegeleijt
633 1653 2906 1812 Jn 8 /3 maenden, zedert 16 september A: voorleden
588 1760 2805 1950 datse uijt bexel gezeijlt, en op 6: Junij jongstleden
629 1873 2735 2004 over Caeb de goede Hoop hier aengekomen zijn
623 2004 2864 2169 soo is verstaen haer toe te leggen, de halve prinne
640 2077 2832 2241 na datse alvorens wegens de ruijme consumptie
640 2197 2828 2394 eeniger provisien nader verantwoordinge bj den
635 2329 2831 2504 Heere Directeur generael, sullen hebben gedaen
724 2482 2909 2673 Tmine de retourschepen, voor de Eergte besendinge
577 2618 2722 2779 deses Jaers, na ’t patria, geprojecteert, tijdigs na
635 2756 2845 2878 blhoren te ballasten; is goetgevonden boven den
626 2851 2837 3019 gereden zalpeter, jn Comp:s eijgen bodems oock te
20 2842 626 3033 2458 Kisten Japans
31 2978 620 3082 Coper tot ballast inde
632 2947 2811 3163 doen afschepen. 2458: kisten japans staaffcoper die
38 3049 591 3183 Pcteur schepen aff
631 3053 2882 3227 hier boven de nodige voldooninge der jndische petitien
26 3123 352 3233 te scheepen
638 3204 2890 3371 sullen overschieten, en dan wijders mede daer toe ter
23 3272 2893 3425 den alle het ondiersti de bruijcken, alle het ondienstige en onbrujckbare ijser
32 3417 639 3517 En onbruijkbaer Canon
705 3422 2769 3545 Canon, als mede een groote partsije ijsere kettingh:
43 3488 524 3628 en Isere Cogels
645 3504 2900 3659 kogels, uijt het Vaderlandt overgebraght, ende die
655 3595 2890 3751 alhier na de Caliber van ons geschut nergens toe te
640 3710 1612 3863 staade konnen komen;
706 3854 2982 4069 Tnne de Jagsjens vaaren, en Mluijderbergs, dewelcke
643 4047 2757 4186 nootsaeckelijck dienen vertimmert, jut Cruyssende
662 4092 2850 4272 vaerwater van Malacca, te doen vervangen, is.
2617 4201 2844 4342 goet
