3145 4669
2839 31 3089 244 332
2785 226 3024 428 33
1311 249 2648 773 Hmb 16n
344 713 2463 951 brthalad borger Balent dacobet of teoeutd
166 931 2336 1092 vanden 13: meij geaccordeerd sijnde tot imaninge
221 1031 2285 1253 sijnerschulden pen doghje naar paloimbangen te doers
206 1181 2365 1393 ome sijn peper die sij quam pe ontfangen pidaer alie
232 1323 2318 1501 aen de Comp: soude werden gelevent en nu onlang
237 1447 3009 1651 van daer geretonnoet wesende; perchoont segenvoordige den alax buger
2485 1570 3101 1687 barent Jacobsz t Voldoen
2484 1636 3087 1737 255. picols Liper, op
181 1638 2479 1799 bij geschrifde, dat Bij aen onse tescoonten ginden tov erhoord
2492 1704 3105 1792 Palembang aende compte
2474 1766 3091 1919 Gelevert tigen 4. rp: tp
212 1704 2310 1930 vijf en vijftighpicols, en vijf en poetighattijs deper
245 1901 2393 2097 gelover hebbende ze de voldooninge derselve na
239 2027 2471 2243 berwaers waar gerenpoijeert  wieren gogtgeponden
202 2138 2434 2371 zij hem diepeper tot vier s: het picoe uijtComp:s
235 2297 1293 2507 assa te laaten betaalen
224 2434 2351 2678 op het versoeck van Eenigeinselooplieden
223 2616 2303 2810 deser stode om int de mogen weden ofse de heeden
2429 2585 3001 2789 de Cleeden Opkoopers
2428 2704 3082 2852 D hllen Comp: gehoghte
227 2710 2381 2949 die vande omp. werden gekogt, niet wel wederom bij
2440 2809 3019 2903 dothen wil weder bij
2426 2881 2970 3031 Heele packen mogen
226 2841 2397 3098 Eoele packen soo wel als de winchelijte en passersitder
2432 2950 2730 3066 uytenten
217 2990 2449 3185 bj betet souden mogen inoventen, de verstaen van2
197 3129 2472 3375 de wen alleen de sodanige die de pagt der wunckelier
209 3279 1670 3492 miendelijk orende bevaalen
197 3430 2424 3642 te deses vergaderinge door d’ E:s gouv:r Ldnenel
195 3627 2395 3765 eu ook voortoencke wesende decomben eernodigse
2426 3687 3067 3846 besongiel, en tij Geven
230 3755 2383 3952 inden po tesonpen naemallabat soo aladen
2437 3809 3072 3918 ordres naer decuft Van
2440 3869 2774 4013 Maslabar
213 3874 2458 4129 Command:r Jaco Cobsten taet als tot Jnstrici
2176 4104 2377 4211 voor
