3133 4719
874 300 1490 519 Augustij
16 514 2533 704 20 d:o die or present in fruncke zijn, sullen Ehier tot naderorde soodanigh
2493 578 2962 777 . fo 285.
544 646 1760 785 mogen blijven continueren . . . . . . . ..
299 676 2493 856 den particulier handel daer na vermogen uijt te toeijen . . . . . . . . .
313 824 2570 956 en ten diu eijnde behalven 't hier geemaneerd slacaet, daer nogh een scherpe
2672 844 2785 1050 1
589 917 1279 1030 ondre tegen teffatueren
300 989 2554 1160 geen contanten ditmael uijt souratta Voor batavia te vorderen, om ons Zredit
1933 1104 2784 1255 -
587 1104 1442 1241 daer staende te houden ..
299 1204 2978 1334 en soo veel der Jntreslpenningen te doen affleggen, als eenighzints geschieden kan - - „ 286.
305 1321 2656 1475 Project: om teonders aen alhier nogh een Capitael van .. E. gl: vande gemeente
628 1417 1454 1536 op Intrest. tenemen . ..
2127 1424 2719 1575 „
317 1502 945 1648 te weten voor een tijt
320 1605 2733 1763 en om daer bij de borgerij vande zeevaert te diverteren, En den particulieren hande
-5 1572 177 1775 3
655 1717 1450 1836 te beter te weenn . . . ..
2758 1741 2969 1964 1
314 1760 2415 1947 den vertier der specerijen, en Cheijlonzen ardeck, in souratta te behertigen.
317 1940 2205 2076 de eijsten met omsight, en opmerckinge te doen - - - - - - - . - . .
298 2008 2386 2161 't voorstel tot Versonck om Copere Cassen te mogen slaen, geapprobeert
2673 2145 2775 2270 „
337 2142 1907 2261 s Comps tenn abn soualijskant te doen tepareren
2724 2214 3004 2380 288.
2662 2247 2742 2360 „
320 2230 2142 2363 en ’t Houtwerk daer toe van Mallabaer te bestellen - - - -
120 2364 2743 2480 Maer de timineragie aen de logie in souratta Voor als nogh te diclineren . . . . „
2672 2445 2772 2557 „
329 2445 1975 2578 d’Jndize vjfschen voor die van't Vaderlant te boedoen . -.
330 2570 2790 2677 en geen doeken dan die de behoorlijcke winst gesten Voor ’t patria aen te blaen - - - - - „.
348 2676 2525 2796 Jemnaer 30 l. inplaets Van 50. 8. l Indigo - - - - - - . . . . . . . .
347 2764 2645 2899 10.â 1.2 l: gl. aeij nieuwe modeze geschilderde sleeden Jaerlijx voort patria
2678 2824 2997 3036 „ 289.
679 2870 1199 3021 op te doen - . . . .
321 2966 2698 3143 de soldoeninge van ’t verschil der Intiestgelden aen kissendas tot  off4. p:r Cento
2493 3055 2830 3210 . . . - „ —
653 3079 1970 3258 aen d’ ECommissaris partie te depeveren.
307 3193 2999 3321 de pretentie der 196 8: Ca de Comp:s in bengann affgedrongen . . . . . . . . . . . . „ 290.
307 3311 2549 3483 nogh vooreenst soo op zijn beloop te laten, maer eghier aen 't mogeeze Hoff
630 3413 1324 3593 bevendigh: te houden . .
311 3496 2814 3701 d'ongelden der Hoffze besendinge van bacherus haer agra apart te fecificeren . . . „ —
284 3688 2594 3812 Alle Emportante saeken sullen Voortaen uijt souratta Eerst na batavia moeten
641 3752 2746 3877 werden bekent gemaekt altovens die aende Heeren M:rs voor te dragen . . . „
294 3834 2702 4011 over ’t verleenen van passen aende mooren, mert bij de gegeveordjes van Ao 1676.
2662 3936 3016 4125 „ 291.
611 3963 2147 4131 En 1677. gepersis seert - - - - - - - - . . . . . . .
2719 4085 2779 4215 „
236 4054 2279 4274 en sal derwegen nader ordre van d’ Heeren m:r werden vorsoen
