3140 4705
11 156 155 307 5
20 288 167 485 1.
44 674 122 818 1
2855 8 3086 215 289.
2769 198 3068 393 269
189 542 2529 757 ilende bokmae de Intenac der Heeren moosders
815 731 2321 944 en laadt werden gerecommandeert
251 755 571 921 den
258 872 2993 1091 en geatetboriseettjaereijo eenige geschiederde ten dediee ftoa 12 bijs in
2469 979 3125 1080 Nieuwe modeze geschildeade
2455 1048 3057 1151 heeden Iaerlijx voor 't
271 1038 2432 1202 datchen tot n moodifangsels, taeffel Een kisteleeden
2467 1111 2885 1239 atria Op te doen
283 1172 2473 1367 vande nieue mooese wijse, gelijck d’ Engelsed seer wel
289 1309 2372 1489 weten te obseveren woortpatria op te doen, rn: sat
286 1463 2519 1645 door Ee oot Smma van 12. â 20000 guld:s woo
238 1630 2531 1916 belangende m de voedeninge in 't verstrievan dije tepen
241 1865 2463 2074 der gelighde penningen die bij den mackelaer kissendes
2464 1907 3085 2065 de Boldoeninge van't
267 2011 3151 2226 sonder d’ Heer abbemas poorkennisse, inplaets van Eo Hithil ge: Intist geeden
2386 2099 3107 2213 d en Rissendas tot 5.. Off
2471 2157 3116 2283 2¾ Prezaen d ct
342 2121 2408 2383 op 2¾. pers=o te maent waaren genegotieert, En
2484 2230 3073 2351 Commissarie Parve te
2506 2311 2782 2440 degereren
296 2275 2411 2527 waerom gemeent wert, dat hem daer omtrent geen
293 2423 2436 2700 tefactie en behoorde te geschieden, is na delibenitie
241 2650 2559 2851 derstaen. sulcx t nogh aftestemmen, maer aen de
364 2787 2550 3005 Epajnate en bevindinge van den nieuwen comissaris
273 2902 2556 3172 den D danioe paroo te desereren, omde datrine
288 3090 2488 3339 te mogen disponeren soo als de billijckheijt bae Comen
296 3311 991 3473 mede tebrengen
193 3486 2397 3694 Dewijl den ouden abab Christabsan uijtbengren
305 3680 2516 3886 gedimovert, en. al con ander in sijn plaetse tot decca
307 3816 2414 4054 aengekomen bij, soo is verstaen, dat de beciede ordre
303 3980 2450 4154 voorseden Jaer aen den Heer Wilhem volgen derwaerts
2170 4148 2454 4273 mede
1852 4304 1959 4511 5
