3089 4524
10 403 97 488 5
6 3462 105 3631 15
2842 -18 3030 127 115.
2814 154 2980 344 115
297 223 2338 623 Vijdagh 20:e Maij 1678.
222 809 2409 1025 Heeft zijn Ede den Heere Gouverneur generael
50 947 2446 1147 voorgedragen, dat de wegh die eenige weecken ver„
164 1057 2448 1245 leden gearresteert zij, omtrent 450: roeden beoosten
121 1199 2399 1367 dit Casteel van de zee kant aff, regst zuijdwaerts
226 1321 2444 1462 op, na boven, te doen maecken, nu al tot op de ver
221 1410 2461 1563 heijt van 5000: roeden, is geroijt, ende gekapt, waer
2479 1263 3101 1562 hnetenle
2427 1547 3053 1631 van de Nieuw Geroeijde
210 1547 2407 1634 oop naer deliberatie wijders verstaen zij tot vol„
2442 1604 3103 1716 Heeren wogh zuijdwaerd
2296 1648 2724 1778 na boven
213 1657 2313 1760 treckinge van dat dienstige werck; en verdere
227 1724 2454 1886 op maeckinge van die nieuwe wegh, buijten lasten
217 1842 2470 1972 vande Comp: als streckende tot nut en gerieff; van
2587 1890 2714 2095 1
208 1933 2477 2105 het gemene beste te doen Emaneren, en afficeren,
217 2070 1325 2258 het naer volgende biljet.
124 2320 268 2476 k
249 2304 2516 2579 Bijden Gouverneur Generael en de de raaden
229 2525 2503 2674 van India wert mitsdesen, aen een ijgelyck bekent gemaeckt
235 2620 2481 2765 ende de geene die het mogste aengaen expres, geordonneert
221 2742 2481 2859 en aenbevolen, dat de jnoelanden, gelegen ofte uijtkomende
221 2839 2383 2944 aende nieuwe groote Heeren wegs, die als nu, tot nut
2362 2857 2452 2910 —
233 2897 2392 3031 en gerieff van het gemene beste vande zeekant aff
229 2985 2453 3151 over de anchiolse vaert regst Luijdwaerte op na boven
231 3117 2331 3256 tot laste vande Comp:s is geroijt, ende gekapt, sullen
240 3223 2346 3360 gehouden en verplight wesen Ider voor soo vere zijn
214 3324 2442 3458 landt komt te strecken. gemelte nieuwe heeren wege-
232 3440 2474 3590 suijver, en op een behoorlijcke hoogste op te maecken, en
156 3487 2463 3695 doorgaens bequaem te houden, sodanigh dat deselve althoos„
229 3640 2462 3749 soo wel niet wagens kauren, en vaerden, als te voet.
232 3731 2373 3868 kan werden gebruijckt, en betreden, ende dat sulcks
248 3812 2494 3993 voor eerst tot op 2700: roeden, ofte tot aen Mr. Cornelis
279 3914 2525 4061 Eijlandt, toe, van nu aff binnen den tijt van vier maenden
2294 4052 2503 4172 naer
