3090 4553
2839 -4 3012 139 87
2824 109 3026 245 87
398 124 2557 614 Snstagh 19:e Aaril:o 1730
380 947 2401 1156 en Doeckhouder Claes vander Bardt: bij
2424 998 3038 1144 Claes Vander sardt
2418 1121 3103 1238 veniam agendi toegestater
233 1101 2409 1259 requeste versoght hebbende veniamagendi, omme zijn
2431 1189 3052 1292 tegen sijn stif schoon
2421 1253 2980 1369 Vrder Cap:n Fridrick
236 1213 2233 1354 stieff tschoontader den Captn fredrick Hendrick
235 1333 2277 1486 MJuller, jn regsten te mogen betrecken, wegens de
201 1451 2406 1653 Erffenisse van zijn huijs vrouws middelen, daer van bij
245 1590 2354 1754 tot nogh geen reeckeningh ofte voldoenings had konnen
236 1681 2438 1837 erlangen, soo is naer examinatie van saecken verstaen
230 1795 1880 1997 hem sulcx te accorderen, en toe te staen.
223 1955 1613 2158 gelijck mede aenden schipper van't
1602 1948 2298 2154 Expres advis
2403 1955 3059 2146 de schipper Van ’t Gulliot
2410 2098 3096 2244 de Snobber de Volle premic
227 2101 2297 2253 gallot de snobber. Parent fockes. voor gedane
2414 2165 2774 2306 Gerccomeere
227 2226 2299 2395 spoedige uytreijse wegens de Camer, amsterdam
228 2309 2469 2493 over Cdeb de goede Hoop jn 5 maenden, en 7 dagen
217 2422 2340 2630 zedert 3:e November anno passado tot den 10:e deser
220 2565 1816 2700 is toegeleijt de ordinarij volle prenne.
218 2703 2487 2929 tot afhael vande peper diemen hoopt tegen maij, off Junij
2501 2758 3030 2951 sschip Ddinitus
231 2870 2374 2994 aenstaende op Jambij zae jn voorraet wesen, is goetge„
2438 2906 3024 3007 Eijlant na Jambij en
2472 2957 3097 3111 Palembangh aengeheijt
215 2983 2421 3121 vouden te gebruycken het schip 't Eijlandt Mauritius
222 3094 2364 3225 met die jntentie omme het selve jnde derwaerts
220 3158 2458 3361 reijse palimbangh te laten aendoen, en oock jn't weder
232 3293 2422 3470 herwaerts keeren, bij aldien het tot Iambij zijn valle
223 3410 1949 3579 ladinge niet moght komen te Erlaugen.
224 3528 2451 3734 zijnde verders onder de notulen vande voor aftedoene
235 3699 2478 3838 rescriptie naer gemelte Iambij, over de bevonde excessive
227 3811 2448 3965 groote mont, ordnarij, en extraorduarij, onkosten hett
241 3954 2405 4065 jougste Jaer aldaer gevallen, samen ter somma van
2435 3864 3054 4038 Attenodelook onkosten
2427 4019 3027 4127 op Jambij tot laste der
250 4018 2336 4172 ƒ11234: geresolveert dat alle sodanige, onwettige en
2415 4079 2936 4219 Residenten te laten
2033 4134 2407 4265 nodelose
2408 4214 2450 4287 9
