3156 4704
1052 301 1762 510 Augustij
2425 471 3015 689 1: 27—
103 500 1947 685 16: d:o en de twee volgens, na discostie - - - - - - - „ . . . .
293 646 2673 744 e ports die Paght ult:o deser op nieuw werden opgeveijlt en verpaght . . . . . . . . „
153 732 2904 855 Verklaringe vande onbequaemheijt van't Jaght batavia . . . . . . . . . . . . . - - . - - . „ 276:
295 842 2672 944 en daerom goetgevonden tselve aff teleggen en te verkoopen - - - - - - - . . . - . . „
95 813 303 960 —
109 961 2594 1085 — d’Edaniel Parje als visitateur generael van 29:' octob:r Pass„o verbetert tot
2589 998 2895 1170 „ 277.
647 1027 1808 1183 150. gl: Singents . . . . . . . . . . . . . . . .
112 1077 2557 1268 —: en voorts als Commissaris: en directeur van souratta tot 180. ge. van dat hij
2637 1150 2847 1319 „2
557 1223 2239 1359 Transport van d’ H:r abbema sal overnemen . . . . . .
306 1294 2588 1460 op ’t versoek der engels. en denze residenten tot bantam wbegen een scheepje
2604 1367 2681 1511 „
584 1434 2477 1537 op de naem van Pangivan kiedol na Manilha Versonden - - . - -
309 1469 2892 1687 Js verstaen te antwoorden, dat wij met bantam geen oorlogh soeken - - - - - - - „ 278.
315 1603 2591 1773 Maerby sodanigen toeval niet sullen konnen nalaten onse vijande, allen
629 1741 2151 1845 Affbreuck aci te doen - - - - - - - - - - - - . . . .
2607 1810 2912 1937 „ 279.
76 1801 2627 1972 19. d:o den bottelier Willem van den brouck met sijn famielie naer Ceijlon gelicentieert
424 1925 2204 2058 icilia Manuels Hepudum Bares boedels toeges saen.
240 2016 2610 2202 den luijs: sohen michiels:s sigh tot nader ordre op Tammadangh te laten onthouden
264 2114 340 2254 C
297 2141 2555 2284 maer tegen de bantammers, off cheribonders n:o geen offentie te gebtuijcken
2639 2141 2727 2247 „
316 2267 2439 2379 en oock selff den pange van sammadangh sulx aff te staaden, en te serbieden,.
2653 2230 2998 2405 „ 280„
331 2329 2049 2460 ’t schip den buelaengeleijt voor Ceijlon. en mallabaer - - - - .
2648 2360 2713 2502 „
1863 2406 2157 2537 —..
291 2411 1881 2530 om nesens ’t schip eijlon van daer na 't Patria te gadn
317 2521 2405 2642 den optreck der nederlandze chutterije te laten geschieden op 23: septembr
326 2614 1827 2721 en eenige dagen daerna oock de Jnlandze borgen . . .
359 2699 2644 2862 Manuel boondzde luijt: en Joan van Hoorn Vaendrigh ooer de Comp: pennis ten
2641 2745 2921 2939 „: 281.
703 2792 1570 2927 de Custeels - - - - - - - - -
348 2848 2573 3041 icolaesbauckes keutenant, en pieter silvans vaendrigh operde Compag:
712 2971 1616 3115 pennis ten Indes tadt . ..
95 3068 2598 3211 20: d:o de schepen Loevorden, Corna, suimatia, en de veluwe aengeleijt naer souratta
2638 3120 2953 3300 „ 282.
646 3175 1421 3308 Enpersia - - - - -
339 3237 2618 3424 bij de gegeve ordres Van efo. 1676. en 1677. na Soucatta en persia te persisteren.
2852 3378 2906 3429 o
351 3397 2548 3537 op ’t poinct der misitagie sullen d’ Heeren parde en Abbema in soudatti
2716 3421 2943 3581 283.
2648 3446 2713 3572 „
718 3469 1432 3623 nogh nader besigieren
2631 3566 2699 3659 „
365 3526 1894 3720 Item over ’t seglemert van nodige dienaren afdaer..
352 3668 2682 3816 den directair en scainde in souratta, sullen Jaerlijx soo veel tractement genieten
690 3751 2153 3909 als den ouverneur en tweede op Connandel
2640 3781 2731 3888 „
396 3827 2766 3966 mas de verdre ministers met 's aer ordinaig tantsoenen modten te vreden zijn „
407 3972 2601 4127 Projert feglement van de nodige gequalificeerd ministers in souratta
838 4058 1344 4201 di hoeberdeelt
2679 4016 2730 4176 1
499 4364 602 4533 5
2968 475 3112 605 5
