3055 4608
21 53 231 201 122
32 189 332 372 122
13 1503 630 1661 A Joher de Saae
55 1635 694 1735 uijt Chinahier aengecomen
19 1717 92 1775 E
75 1710 598 1805 toegestaen wede nae
19 1766 600 1867 Huijs t keeren en ook
21 1830 554 1921 wel weder Hier de
37 1895 409 2019 mogen komen
28 2877 659 3032 kitsoeko ditmael nogh
45 2990 661 3078 toegestaen een Jonkjenaer
38 3047 663 3181 Altchin te mogen sonden
19 3453 680 3624 Mits geen nooise, off
50 3593 663 3691 andere bleede Van daer
33 3667 348 3789 brengende
1989 81 2033 174 9
2427 142 2496 274 1
732 186 2642 582 Vrijdagh 27:e Maij 1658.
2862 576 2976 652 os
669 906 2773 1084 g Jaerdien volgens de jongste ordre en intentie
670 1055 2938 1188 der Heeren 17en de Batavise borgers. en ingesetenen
666 1148 2844 1284 jn Haere paert en commertie op plaetsen van Comp:s
681 1255 2734 1376 handel en tot derselverschaade, net en mogen
681 1359 2859 1507 werden getolloreert; soo zijn als nu met requesten
688 1427 3017 1601 binnen gestaen, de annachodas, ofte hoofden der twee:d
693 1557 2737 1681 Joncken desen jaere vande Cust van China ten
681 1665 2711 1772 handel hier aengekomen: versoeckende licentie
687 1762 2773 1903 omme weder na haer Landt, en plaetsen te mogen
674 1890 2875 2013 retourneren, dewijle zij, noghte haer volck hier niet
679 1983 2906 2159 t huijs, en horen, waer op na deliberatie :en op hunne
685 2093 2887 2242 ronde en Joge verklaringe datse in haere soucken
680 2208 2804 2320 en jngeladen goederen niet geene Bataviase
686 2350 2893 2464 jnwoonders 't zij hindsen off andere herideren
693 2379 2939 2572 nogh participeren:) goet gevonden zij, hujtoe te staen
680 2506 3031 2678 met onse passen weder na hina, te mogen vertrecken
676 2656 2836 2767 en oock wel wederom hier ten handel aenkomen
2885 2644 2980 2803 3
781 2829 2840 3008 Opt versoeck vanden C Hinees Coopman, en
707 2961 2900 3123 Jngeseten deser stede Litsoeko, om een Ioncqje van
683 3053 2925 3219 omtrent 36: lasten na Atchin, te mogen zenden
686 3171 2907 3304 tot jnninge van eenige oude shulden R:a is hem sulcx
685 3253 2872 3361 voor desemael, om redenen; geaccordeert, mits dat
705 3363 2982 3496 naer desen jn geen consequentie zal mogen getrocken,
699 3438 2898 3572 ofte oock geen moorde nogh eenige andere heeden door
699 3536 2857 3682 hem van daer gebraght werden, op parie van
694 3665 2855 3794 copifiscatie, en verder correctie na gelegentheijt
695 3768 2739 3878 volgens resolutie en biejet dato 29e: december anno
699 3836 2171 3989 voorleden, alom bekent gemaeckt
698 3984 2787 4159 Den Chinces pagsten vande vischmarckt deser
2558 4110 2866 4264 stede
3011 465 3063 546 5
