3062 4503
30 17 140 196 12
2183 64 2510 266 1e
172 200 397 403 12.
1076 386 1975 617 Jn Slaets van
630 580 1656 784 Jan Heijlman .....
649 706 2248 936 Pieter van Leeuwen... afgaende
631 851 1758 1030 Subbertus Indijck . . . . . . .
528 976 1986 1208 Adriaen van kier vertrocken.
693 1185 2841 1370 doet gevonden denBandasen burger Egobert
16 1252 600 1440 den ba: deer Boogen
96 1398 564 1501 deg Endijns
674 1339 2842 1517 ade wewijnden teccommoderen, met een somme
27 1429 621 1572 : geet e
40 1465 2827 1667 bdre getnken n 300: rijck daelders, uijt 'scoop:s Cassa, de
641 1638 2909 1787 weten onder sufficante borge en om deselve penningens
645 1712 2827 1892 ter behoorlijcke tijt ja Banda. weder te voldoen
36 1886 2818 2129 desigestelde uijt, op weder gesproken zijnde vande voorgenomen. en
42 2067 695 2212 de atnge na tanjongon
647 2049 2870 2230 2: storstelde uijtsettinge na Tanjongs-poura, ende ofp
43 2167 631 2280 den tloeten telten
35 2244 479 2388 voortgaen
655 2204 2965 2356 het vertoeven daer mede met wel soude konnen strecken
632 2307 2904 2453 tot na deel van d' E: Cmpt: goede moeletenen aldaer
660 2440 2897 2615 na dien de Bantammers, onderwijlen, niet en sullen
655 2567 2951 2735 a laten door listen gewelt, haer voornemen uyt te
666 2691 2765 2865 12ercken, soo is na deliberatie goetgevonden, en
659 2826 2920 3032 verstaen haer mede hoe een hoe liever voort tevaeren
666 2954 2925 3112 en het vastgeteldn getal van neder lantse militairen
37 2914 648 3117 En desle sechen
42 3077 633 3194 20 Wedelitalie
658 3040 2938 3245 ogs : te verstercken tot voor komings van
45 3143 536 3250 oven de Vorrgk
44 3220 391 3345 Host
668 3192 2924 3372 alle aftronten en om de antammers. jndiense ons
58 3303 637 3448 omde intrner bij
682 3288 2902 3489 1 de hindren ofte quamen aen te randen met 'tsoo
53 3409 650 3508 aan vande g: bter te
46 3479 639 3579 Wederstal hooft
683 3458 2699 3623 enden 3phejt het hooft te konnen bieden.
67 3554 305 3682 tehieden
642 3601 2956 3827 L: lde widers aengaende oude voorgenomen pesen„
76 3685 654 3869 de besondinge aen den
771 3757 2878 3928 d aenden Jffhan van Dntam, goetgevonden
76 3835 659 3935 Zufiala Jan bantani
75 3903 680 4042 Nogh do s uijt he Hel
1003 3881 2871 4073 noge wat uijt te stellen: ofte slepende te
893 4028 2981 4196 „om onder wijlen wat beter kennisse van saecken
2709 4178 2861 4305 1d
