3192 4585
60 40 271 181 118.
1918 82 2223 261 1
125 236 247 403 18
690 357 3104 573 Commissie aen den Coninck van Palimbangh met desselfs:
702 505 3021 670 dienst, en verrigsten ten vollen genoegen gegevent.
708 641 3206 796 telijck zijn E: dan oock tot sccunde wederom is d
69 646 696 843 en den Copman Saak
714 762 2882 912 bij gevoeght, den Coopman Isacco van Schinne, die
72 783 696 931 van Schinne tot scaimpe
708 844 2848 1024 Anno passado. met onse licentie voor een keer, van
689 973 1561 1146 daer opgekomen zij.
674 1128 2920 1311 zijnde wijders pastoestelt, totte gemelte Sapansen
119 1210 718 1401 de fleuijten Cronenburg
723 1276 2835 1424 handel aenteleggen, de fluijt schepen Cronenburgh
73 1334 703 1457 tchulje te spijck en soestijk
726 1346 2774 1482 t huijs te spijck, ende soesdijck, alle drie kloecke
2934 1379 3102 1519 5: 8
68 1414 729 1557 diehet haer Iapan aengeseijd
700 1484 2928 1637 en seghte bodems die nevens de fluijt de voorsigstigs:t
718 1595 2961 1737 op 23e: April voor aff over siam derwaerts vertrocken,
703 1687 2986 1857 ruijm genoegh sullen wesen, om de Cargasoenen derwaerts
703 1810 2927 1932 over te voeren, en ons soo veel koper wederom toe
705 1896 3018 2051 te brengen, als men boven het soo nodige gout Capitael
711 1978 2784 2143 voor de Cust Cormandel, zal dienstigh agsten
717 2078 2959 2189 ende waer op met eenen nader gededibereert wesende
749 2198 3033 2369 seenparigh best geoordeelt, ende belloten niet boven
47 2172 731 2334 Nmietooven de 16000 kisen
88 2295 709 2438 Coper dit Jaern Japan
717 2298 2922 2434 de 16000: kisten koper dese mael te slaten jnkopen;
96 2369 439 2489 aente staen
718 2429 2966 2537 maer wel soo veel minder, als naer dat de winsten
703 2517 2977 2667 op de Coopmanschappen groot off kleen moghten vallen,
66 2587 719 2757 En Tlesterende Capitael
703 2635 2969 2782 en wijders tressterende Capitael, daer boven buijten
109 2714 664 2845 alle in gout te besteden
705 2740 2901 2910 de ordnare Lackwercken, en andere kleenigheden
703 2819 1996 3016 alle jn gout te doen besteden;
672 2959 2808 3183 Derder ijn overlegs en bedenckinge genomen, hoe„
710 3138 2886 3275 grooten quantiteijt zijde wel voor japan soude nodigh
708 3227 2784 3346 wesen, omme ten meesten voor dele vand’ E: Comp:s
709 3334 2804 3488 te werden omgelets, is na versheijde aendaghtige
67 3390 721 3575 itt bogende 50 bb 173
724 3412 2946 3577 meditatien goetgevonden voor dit Laijsoen, in't geheel
119 3527 680 3635 bengaelign zijde nae
732 3529 2790 3698 niet meer der waerts te zenden als 540: baelen
113 3600 623 3732 Japan afte senden
704 3636 2848 3817 Dengaelse zijde, met de 200: over siam reets voor
86 3755 722 3885 en al de Tonchinze bestaden
730 3743 3052 3862 affgegaen, daer bij gerekent benevens. alle den voorraedt
133 3852 496 3974 in 284 p=ls
733 3852 2803 4038 der Concquinse, bestaende jn 284: picols, wijl die
726 3956 2815 4147 dogh anders nergens met naemwaerdige winst
2580 4109 2736 4260 zij
