3126 4487
141 3591 221 3759 —
2649 60 2776 243 6
1163 82 1807 488 hende
8 460 2554 644 „13: d:o deshast hoesteegh in de zuijder voorstadt te doen op suijmen en fegulier
2323 557 2539 717 5
2623 519 2994 719 88
569 578 1132 696 temaeken . . .
263 626 2601 813 en donkos ten E schaade daer van bij der wder zijdze doorgengelegen Ingelanden
575 765 1202 894 to toen draagen
2614 825 2991 1001 „ 489.
19 809 2172 1000 17: d:o op ’t verboek van den deenzen agent Paulli tot banta . . . .
134 996 2650 1100 is derssaen den geacresteerden schipper Anthonij van doorn. in plaets van na't patria
546 1066 2597 1208 nabantam te laten overvaaren, om Wederbij de dehien aldaer sijn schip
551 1150 1325 1290 desehanx waerte nemen
301 1232 1691 1392 en hem den acte van ontslaginge te verleenen
2730 1333 2961 1474 490
303 1356 2546 1466 ’t galliot besnobber door 't schip Cortholen tot Voorbij anjer te laten Conboijeren
315 1450 2676 1571 en de fluijt spanbroek daerneten van sijn bekruijssinge in des lradt zunde weder
580 1552 1656 1702 herwaerts te ontbieden - - - - - - - -
13 1618 2642 1844 19: d:o 't wersek van 4. moorzo Off Javaanze pries ters van bantam gekomen en men
2653 1698 2995 1899 „ 491.
532 1769 1809 1936 hier eenige dragen te onthouden  Affgeslagen
37 1862 2652 2022 -— Madr Jn adistonts Weder te doen vertrecken sonder oock te mogen wederkomen
544 2005 1957 2150 Op pane van Arre-
183 2014 2635 2226 —. te meer een andre bantamze Paer Voor Weijnigh daagen 8. onser maleijers met
2636 2097 2740 2269 „
551 2167 2059 2303 sigh van hier verleijt, en vervoert Heeft - . - - - .
310 2268 2593 2452 Sentetie des doots van Herenchepenen geapprobeert tegen den slaef mange
2638 2369 2990 2542 „ 492.
588 2396 1676 2556 van bouton over begane moort
85 2452 320 2658 20: d:o
350 2530 2960 2658 In plaets van de geprogecteerde schepen Macassar ’t huijstemerine en flebeer „ 493
336 2623 2739 2761 sijn m:r loort Caderlant nogh vastgestele de schepen macassat: en stelle voetsluijs„
332 2724 1514 2877 en Hendraelijk de 8: bodems verdeelt
337 2833 1685 2993 Afrca, amencaien Sonas Voor stis terdam
357 2934 1952 3078 Hendrick Maurits, en Macassar voor Zeelant
321 3032 1557 3221 P:andries voordeffen Enkhuysen
348 3156 1331 3330 Belleoetshuijs voor Hotterdam
366 3283 1323 3445 : fs Maria voor Boorn
360 3368 2032 3565 't welck nu niet anders heeft konnen bij gebragt werden
342 3491 1959 3668 de sluijt de geelebeer, salmen hier in tlant overhouden
326 3579 2622 3766 om datmen niet anders kan oordeelen off die bodem is bij de Comp: in eijgendom
2655 3644 2948 3838 „ 494
687 3734 1086 3844 overgenomen
336 3802 2000 4003 al de p:o 2„ tsin tot ballasl nas ’t patia te sjenden
312 3936 2326 4110 stan 3000. p=s Japans staeff Coper, met Tronenburg aengebraghe
315 4075 1731 4231 en 96002. lb. Boeijde buijcker Hier in Voorraet
1630 4386 1678 4457 „18
1724 4281 1827 4445 8
