3081 4695
45 20 261 151 272
152 165 467 345 218
52 1894 684 2087 En een antwvoorts rieffie
35 2042 680 2148 tot nader Verclaringe van
50 2101 628 2205 onse goede Tngnde aen
52 2171 662 2293 Genelten sulthanbanaen
59 2250 323 2372 daer Cop
808 534 2952 722 don van aindangeaa holdien den Douteninijord:
722 676 2805 802 en de baaden van Jndia dn tedemoening sn den ili
651 750 2991 935 dan t hinbon ledaen doen, wn sacoment ons Want digt
699 851 3001 1029 vanochibon, en sijn denonder dan dn aden donden sounang ingaaga„
698 950 2970 1107 dierstalven ingewelen van padicca ij betva e dinrden
698 1038 2764 1230 Inden den gocerneeir geneva en de laaden van Jndia sulop
700 1129 2868 1303 meeninge en dae dan van gelycken mede quae aen Padricca
660 1228 2120 1405 fii kitent baan katlden
2469 1279 2599 1404 o0
652 1333 2849 1492 Aischrepen in de Paatsz touwra sar op dingstrit in de maant
702 1455 2523 1648 Augustij In't Jarr 1089. vande Drophert iakomel
700 1633 2872 1848 erop met aendagrd soetoenen die gemoent wesende
695 1785 2872 1970 dat gem dan aan de siulvan onse gede dende omrn
696 1926 2780 2101 den vanambahaan van Deribon verkeerdelijck n niet
707 2022 2675 2219 wel cnmoet hebben begrepen soo is goetgevonden den
707 2164 2867 2371 bamanzjn Coninck tot weder verkraringe van vnse
682 2299 2775 2490 moeninge het voegende briesje daer wederdm in
672 2419 1530 2629 antwoort dedepassen
625 2611 2980 2821 Rijcklof van Goens Gouverneur Geperael en de Raad:„
701 2761 2834 2914 van India donden desen drief uijt een belijven en optechehert aen
702 2875 2899 3027 paducca bnij sulchan, doe bantam met groote wijheijt ensant
648 2953 2752 3136 Negeert, dieij toewenschen een Langhloren, gesonteijt. en alles
656 3074 2253 3226 wat hij van den grooten Eenigen ot salbegeren
629 3144 2921 3366 den Laipenieut generael, E: Haade van Jndia Hebben vel ontfangs
648 3320 2839 3444 den ief, door aducca Lieijbulvan afgesonden, om ons bennisse doen
673 3394 2821 3545 van de besendinge die ij aenden Janambaka van Beibou, dood den
680 3490 2889 3673 Cp: vandijck hadden gedaen, gelijck ons docg onse Eijgen brief
669 3594 2832 3784 der vaerts eschreven weder toegekomen is, en alijt een geuijgenisse
636 3694 2858 3868 zaerresen, dat wij in geenij wijse Eenigh voornemen hebben gehad
656 3814 2874 3949 of nogh hebben, Beribon Eennghlet aent doen maer El Eerblijckt
655 3894 2662 4125 in dien brief, dat Wij he Lang van Cherilon sele baine sprat
651 4046 2863 4212 bethoonen, met Gaertenbestnt laaden en haerstk en gemse houden
2972 -6 3047 97 1
