3113 4604
2815 -25 3052 124 317.
2784 187 3024 408 317
2433 534 3091 730 Frmiken Sumae
1380 548 2041 752 wijlen netldo
2445 696 3092 804 onder goede Hoop heel
1696 725 2095 874 len
2478 770 2899 873 Fracteeren
232 732 656 890 van an
485 816 2500 1019 meeijene, min bij inaniedene ne bijd qual:t
312 871 403 1009 d
1930 960 3063 1153 van methaer den 6e vondee
220 1003 1770 1156 werde detaeden: dool den voorgeand
2492 1101 2931 1198 bedrieger vande
2448 1150 3038 1275 Masille ze Prins op
225 1133 2341 1311 die hiet bevorent tj geeest en gemede vangrogtenoed
2437 1229 3053 1329 Colombo, off ilders in
254 1306 3085 1453 bevonden de wesens, dewest geagte opdeobo of Dedenss En,chirnga te hobden
226 1392 2252 1584 in 'estadige bersekeringe te doen houden: en berwaaten
211 1522 2321 1777 den gehanen D :s van ondruke s gen aceit
2408 1529 3055 1746 100: geen Termert
221 1674 3085 1869 hegen woord: g=s 180 d: gl: in paijemend na sijlon af te —„ „ an Ahe ten
197 1831 2488 2023 steeken, sijnde boogeel men her bequanmelijck belijken andre
2422 1911 3127 2128 en nogt 00 b ere
215 1977 2308 2189 nodigheden hal missen besalven dat de nogh omtren
2441 2078 3091 2180 uide Verwaghte Japanst
2461 2153 3045 2261 Coubangs ook derwart
225 2101 2379 2305 80 ds guld:s nade Japanze valuatie uijt de goude verwlleg
2466 2227 2929 2375 te laaten bestellen
266 2233 2443 2493 dpanzo Coobatie van inalleck sullen worden goordend
219 2387 2341 2606 voor den Handel van Nlasapanamen nits cooijinte
232 2540 3078 2742 bestallen, en daermede ment werkk ginder sal moetenij hde han den uijtden
2456 2659 3054 2758 Vertier der Coopmansz
235 2742 3039 2925 sondschieten, en 't verdere in den teier der CCopmansz: najn hat esooten
2441 2794 2663 2909 Werden
235 2849 2317 3039 tragtten te soeken, en tebinden, sonder voortaen van
2410 2852 3004 3012 sonder van souratta off
2425 2971 3076 3070 Persia Voortaen meer gele
2447 3040 3062 3181 Voor t heijlonte lijfschen
221 3001 2298 3200 batavia, smatta, of Cersia veel gelemeertde tocken
129 3149 2301 3320 ierbntiens tod afs aen vanden anceck voor ’t
222 3323 2374 3507 goouze magh gesden, oock met odiens Zigt sal
2405 3370 3051 3582 van uijt souratte eens soo
216 3466 3061 3640 wesen, sullende Landel vuet burttel voor Eijlon e : den Behor des
2431 3621 3086 3771 Artieks daer sal bedragen
234 3620 2409 3803 Jaerlijx eene soo vell Contanten mogen werden g’ Eijset
228 3747 2477 3961 en afgestecken aes den verhoop der quanttet des avier
229 3893 2530 4102 aldaer Comt op te bengen, en sonderdamen daerteden
2138 4094 2361 4249 dan
