3078 4702
19 28 250 180 252.
65 197 407 369 252
717 347 2939 766 Vrijdagh 5 Augusto A„o 1678:
1402 687 2233 894 Maarmiddagh.
682 1191 2852 1426 Den schipper vande fluijt de Jaas, voor hem ende de
33 1297 613 1474 d e en eend
626 1394 2745 1533 verdere officieren, binnenstaende, om de prennig
36 1432 622 1546 fleuijt de Ponas volle
61 1502 555 1612 Pranie toegeleijt
603 1477 2798 1635 baeder uytreijse wegens de Camer Amsterodam
9 1569 535 1701 voor gedane uijtrijsen
553 1578 2820 1715 gedaen, over de Caep de goede Hoof jn 5: maenden
609 1662 2849 1819 en. 1. dagen, zedert: 6: feb:r deses Jaers, datse voorde
614 1812 2791 1958 tweedemael uyt Texel jn zeegelopen, en op 10:e
548 1921 2967 2073 der Jngstleden maent, alhier behouden met gesont volck
612 2025 2784 2229 aengelandt zijn, soo is haer toegeleght de volle
600 2132 938 2304 prenue.
606 2306 2894 2551 den Zorger philip Lambertiz suijders versoeckende
20 2326 511 2507 de Porgen Pulitj
14 2472 601 2567 tambartsz snijders met
603 2481 2742 2598 met zyn vrouw, en failie p:r d’ aenstaende retour
13 2534 552 2654 Sijn familie licentie
30 2596 482 2683 nae 't Patria Voor
608 2568 2949 2753 vloote deses Ipers. na '’t patria, te mogen vertrecken
16 2646 578 2777 transport, en Costgeli
596 2674 2891 2858 wert sulcx by desen geaccordeert mits betalende.
586 2812 2933 3014 het ordinarie transpat, en koftgelt daer toestaende
544 3008 2860 3200 Op de requesten van verscheijde paghters, zedert
600 3155 2911 3316 een wijle herwaerts jn dese vergaderingh jngedient
598 3291 2937 3436 niet klaghten, over haer onver mogen, tot opbrenginge
503 3364 2860 3524 der bedonge paghtpenningen, door de sleghte presente
605 3500 2879 3639 negotie, en de nieuw gestelde ordres, js naer gedane.
-6 3522 605 3695 e Pagten Vande Vaig En
608 3575 2765 3727 ondersoeck en rapport van den E: H:r ontfanger en
-17 3656 608 3768 de pagter der suijkerin drie
-9 3730 595 3834 de pagtir der handelprauwen
613 3656 2472 3880 sicentmeester jegenwoordigh goetgevonden.
-15 3789 613 3888 twee maenden Stus fant
-17 3845 575 3964 tot betalinge der Paght
597 3817 2825 4060 Boa Cenghlauw. pagster vande Daats, ofte de waagh
5 3923 540 4054 penningen Vergunt
951 3961 1443 4101 een maent
605 4048 2853 4256 ende snouko paghter der jnkomende suyckeren dri
938 4191 1368 4318 maenden
2475 4262 2691 4440 Jtem
