3133 4668
21 18 252 199 376.
116 159 286 354 376
1903 406 2398 654 te
435 721 2080 948 Poo nadertijdinge gisteren overste
2260 773 2770 944 tou
129 864 542 1013 e Tnig tende
759 921 2824 1110 geounis plangse van daffooen van denha
115 915 414 1079 e van
19 1054 491 1137 uijde & doorde
498 1012 2677 1247 en de begagen daer alomme door de bandamne„
184 1116 431 1232 ammers
548 1149 2702 1343 olens en srookes, de nae delisentie getgevoiden
575 1320 2772 1491 ven de outheijman p: de othoomgen buauw niet
53 1352 416 1533 Taegevonden
541 1437 2806 1649 en bujtenod hochum en Coormant omp lers
69 1635 334 1741 gt
13 1598 2730 1819 om wrsoen voor de denaen nogt tvonleigd soedaten, meerse Jastie
481 1731 2853 1966 vangee beeren de vegen, en huijden de: inn ookd geek
9 1906 2715 2086 n a det ge p:t aet Iagte inallabat, med nge ondre dij dgt blancke
26 2021 446 2117 Jagie rln dat
12 2086 468 2183 bd dwarts te
509 2050 2728 2214 hijgens temaerde de beticken onder den rderisionde de
5 2152 506 2246 schicken met nogt
37 2209 405 2317 Zoldaten
508 2195 2808 2406 vaandrigh Predck pors, die nals bin gedunigt omseede bijd
10 2288 498 2395 onder desn Bendrijl
23 2369 483 2451 Fredrick Pals, die
12 2331 2707 2562 die sialeije na nucen huijme tijt herwaere bied omne intang
58 2471 414 2596 D: M Mbelaend
14 2493 2801 2707 bhijke ante tot vaenengh abzolmd met veregt geld emaends devistig
6 2627 252 2777 H en
674 2634 2878 2850 gte als prov:s buijtenand in die ljkje over dat velck
501 2792 2822 3013 gesteld werd &: p sijnde oude Evresse Indentie met dese.
59 2917 2901 3175 dikant den sncke uijtseing omme hee district van Jndermaijde„
-8 3056 286 3143 Aone
6 3122 413 3212 met dgeun tegen
17 3084 2676 3253 beeldenaals zn en die landstreke dat nder med alle vigens voor den
10 3244 464 3350 den Cousousee
27 3247 2865 3467 beselkenen sousoudounanghh en ons d beschomen, en die gewoedenaers
14 3436 2895 3663 af buonen die te verdrijven al soudeot (niet bedet konnende) dat gandsehe
13 3558 519 3662 Jansche landfore Ko
9 3625 430 3728 motten Riemerden
706 3580 2886 3790 derweest aj aenhevergegeven en bij toeval van nader
0 3699 414 3793 en bij teltln
-3 3709 510 3856 Nader sijveleikheden
548 3732 2888 3936 ijtelijkheijt tegen die hoversien opdoght naboven, aldaer dan
-2 3833 457 3965 te lande datr hn
4 3901 252 3982 eerst m
21 3959 284 4073 Houden
475 3928 2882 4095 doort tot naeoordie van hier moeten post gehouden werden &=a
2475 4098 2721 4325 en
