3170 4748
14 15 177 170 48.
53 217 270 460 40
100 986 630 1207 Geeposdene Sotertie
103 1166 581 1258 des boots tegen den
80 1232 587 1345 slaeff Matthijs van
86 1296 367 1397 Mallabar
648 442 3008 754 onderdagh 3:' Mart 1638 —
881 628 2556 840 voorde middagh Extraordinare Vergaderingh.
619 966 2693 1155 zijn gelesen alle de stucken van het Criminele
633 1150 2808 1342 proces: voor den agstbaeren raadt van Iustitie deses
641 1248 2970 1410 Casteels getutenteert bij den E: advocaet fiscael van.
638 1412 2874 1563 Jufia qualten Zeeman. op ende jegens Wlathijs van
638 1523 2936 1691 Mallabaer lijffeijgen van Hendrick de Wit, stiermane
652 1635 2798 1836 n dienst der E:Comp: over dat zijn meesteresse: de
633 1751 2971 1948 huijsvrouwe van gem:te de wit: heeft bijde kelr gevath
633 1866 2796 1999 ende alsoo getraght te vermoorden, waer over den
632 1991 2868 2156 gevangen 1tlattsijs van Mallebaer, door gem:t aghtb:
626 2152 2743 2266 raadt van Iustitie is gecomdeneert, eerst de
633 2244 2927 2454 regste hant afgekapt, ende daer na aen een pael.
626 2373 2804 2517 ter doot geworgst te worden, ende is na deliberatie
633 2501 2931 2701 goetgevonden deselve sententie bij desen te approberen.
619 2607 2806 2816 om sodanigh bij eenste gelegentheijt uijt gevoert, ende
618 2737 2048 2906 ter 't executie gestelt te wejden.
617 2940 2713 3202 Batavia in ’t Casteel datum ut Supra
2217 3161 2802 3434 van goes
2748 3374 2806 3494 oo
2170 3485 2709 3625 derent Pit
1955 3600 2780 3792 p: . Portwaten
2009 3749 2844 3980 Seera Hoen
2227 4424 3119 4631 Van Camphuijs.
2262 4492 2534 4713 hoo
3004 1655 3092 1759 5
