3036 4691
1690 562 2123 723 van ee
1070 695 1122 784 de
1700 694 2166 831 e  dee
155 798 593 929 ons
2080 793 2297 925 e
188 872 1226 1003 derstekenijf ois: door di
377 990 2218 1120 dders edein hen dat sijn klagedigt geaele n verseld
191 1080 2223 1216 deood: dn tenden aenbidagt en ven van vrsteeven
605 1198 2179 1330 on nogt de veered bende en wtige et eetre
278 1280 2364 1410 aaseert worde nader mogede wonden voersien, dut de bend
108 1386 2215 1538 delangt, en de woodrrendigheijd hondien ten kiens d vande
172 1463 2312 1665 genemele ag: geegetonden en vasl Lebaan sjn
153 1606 2427 1787 naederwel resselijck aen allen, den en ygelijk te Jneregenn
158 1702 2298 1885 en verleden, gelirk wj damEn desen iden aenengh en vetigg
152 1823 2252 1951 van illerben blagt moorde, en andere diemde tleeden, doo
145 1917 2348 2091 binnen als binnen deser bde, ofte de duvisciitie vanden
205 2068 2380 2222 iemande bijt vaeret sonder einge Eiwaten, t zij bij gele
77 2139 2235 2344 of klanne quanteert, e soroonsetie van de ouw ware
166 2266 2453 2411 de kocht: op Eenige plaessen tandgensvenden mogekende de setalden
158 2419 2473 2554 doen omdrage da alleen ter plaetse vande geducatiptheden ondr
158 2494 2387 2698 ofte de gewonedineze, of Hollandse vanckelifts, die daer voor
248 2598 2300 2765 ompag:s deegrighuijt betaalen, en dienvolgens alleen daer
157 2726 2195 2876 sijn gepreellegieent, op verbut van Zousiscatie alles
133 2805 2411 2994 zodanige alsser ieen worden acnn haellop bendetsthijken de
160 2998 2297 3144 g woons Mijckels teperdeelen z. proeeo, n voor geenee
121 3064 2313 3281 Winckeliers, en /½. voor 1t Jararis huijs, tenvaerenboven
160 3186 2471 3414 dan nu mede geresocxeert, en verstaen is, oock abzolne afteschaffen
149 3313 2207 3507 en te resbieden deed Inkoop van Thouwe zijde, Copes: thoen
157 3452 2360 3598 Tricuboer, t alodpatskoor, Pandelhout, Tafpanhout: benuijn
154 3574 2456 3753 gommeback, amphioen, specergen. Mr Soo Valvoor alle nederlandsche
161 3683 2265 3855 als Inlandsche Ingestenen, en onderdanen de deser plaetse, en
169 3792 2399 3936 sigen deshalten, oocq bij aenkamste Eeniger toemde Regetianten
158 3922 2382 4111 die de Hooge begeringe hier Comp te pesmitteeren geene ouset
173 4038 2405 4203 voors: gesetenen Eerige andren Jnkoop van goederen of woaerds
2029 4175 2361 4316 derselver
1701 4378 1770 4528 5
2699 39 2932 243 N9.
2600 273 2910 485 269
