3108 4704
217 173 324 332 1
1033 295 1654 510 Aigustij
44 441 2872 658 2: d:o Sschip heijlon aengeleijt naer Cheijlon, om van daer te fepatieen p: Jap:
243 578 2501 782 en ondercoopman Abrahane van tiebeeck, als een supermunirair tide in
2566 680 2684 809 „
2452 719 2527 818 3
590 709 1763 864 den faet van Justitie geassumeert . . .
2601 776 2735 875 „
298 780 1800 956 /onder versoginge van Pagie . . . . . . . . .
306 882 2601 1055 d Heeren maijoes in bedencken te geven, dal de huurschepen voor de Comp:
2612 933 2893 1110 „ 242:
530 987 1438 1185 sschadelijck geoordeelt Worden
2603 1080 2687 1192 „
325 993 2488 1272 om dat ook de teteven nu voorderst niet groot sillen konnen vaesen
2647 1130 2930 1296 „243.
313 1194 1450 1368 disposttien opsaeken van bengalen
67 1265 277 1402 „5.: d:o
290 1267 2530 1484 't bestellen van een permatient getal siippoossen in bengale den Heer volger
2603 1376 2711 1502 „
585 1398 1992 1573 met d’Everbuigh aen te beselen - - - - - - - - -
2603 1499 2690 1609 „
343 1480 1610 1655 en ons dan sodanigen overslage toe te senden
309 1607 2609 1775 Maertwwee otersoopluijden, als een in Cassimibaaer, en een in ouglij voortaen
2622 1631 2720 1780 „
1175 1733 1399 1841 -
671 1709 1102 1839 aen te houden
329 1768 2638 1969 Parinen fentrel, tainde tot ouglij gebordert van 60. tot oppercoopman met
2722 1822 2965 2014 244.
2662 1826 2755 2013 „
661 1916 1343 2061 80. glsmaents . . . .
2673 2018 2722 2112 „
278 1967 2436 2161 „In pattena, decca bellesoor n:r niet Hooger als Coopluijden te plaetzen
2671 2083 2822 2229 „
342 2108 2354 2225 en geen verbeteringen van bij vevanderingh van Emploij te geven
2681 2209 2791 2309 „ 5
362 2234 2255 2340 Eghbert backer Cassier op ouglj geapprobeert tot onder Coopman
339 2295 2637 2446 Item geapprobeert de schenckagis, aen den 1 uien deccazen nabab Afinchan
2677 2361 2761 2523 „
720 2426 1174 2556 tot ƒ 10470-
2694 2555 2760 2656 „
346 2510 2628 2660 't gedoente van d’ Her volger vimtrent deperiveerde saaken in pattna, goet
361 2643 2624 2773 Wat scheepstuijmte tot oversael der tetouren in voorraet zij Jaeclijp uijt
2701 2657 2972 2803 „ 245.
713 2718 1430 2877 bengale over te scrijven
350 2811 1610 2980 en de eijsschen oock tijdigh tesenden.
2680 2902 2831 3059 „ —
375 2929 2237 3079 geen schepen van 25:' april tot Ult:o aug:o uijt bengale te versenden
396 3068 2473 3210 nogh gelie destradt van malacca te laten jsseven, dan sij Hooge noodt
368 3142 2468 3307 ’t ondergent ses Cant spicultig in bengale â ontpris te verkoopen
377 3238 2713 3419 de pietentie van sonderdas, wegen 8000. p=a over schult van Willem Van Cherein
2692 3325 2995 3486 „ 296
637 3358 1325 3516 net aente nemen
375 3425 2845 3603 Maersalhn, en fangsiondas, hun schuut aen de Comp:s uit geheel moeten voldoen „—
384 3584 2741 3737 en soo mede ten Coopman david van den kemel de sestacken voorszeen gemitste
712 3684 1826 3852 zijde uijt de ouglijze packhuijsen
343 3784 2017 3990 mitshoudende sijn Nuarant op een ander . . . . - . .
315 3897 2616 4046 den bivecteur, en oppercoopluijden in bengale, Jaeolip Exen soo veel Proisien
2712 3942 2991 4112 „ 247.
698 4031 2333 4206 toe te leggen als den Houv:r en Ewndede op Cormandel
