3071 4409
2791 -44 2928 105 17:
181 353 2317 605 Eijland 1Muritius hier ter rhede gearriveert
160 591 2416 797 zijnde door de Er. gouverneurt generael jn vergade„
173 735 2407 868 ringe gebraght een memorie vande jongst versondene
2189 827 2990 1023 t Aahterheijt ig
163 856 2134 991 retouren net Daderland bij de welcke komt
2452 976 2754 1088 zameren
156 982 2430 1143 bliscken dat de Camer Amsterdam, een mercklijcke
160 1125 2409 1266 bomie van ƒ 676897:16:14:¾ sal te voren staen, ende
15 1221 2204 1376 daer en tefgen de andere Canteren, soo veel den
1991 1350 2325 1504 „
163 1368 1145 1528 agtsteren namentlijck
158 1497 699 1649 Zillandt . . . . . .
1086 1463 2448 1714 . - . . . ƒ 267167:2: 65
172 1619 392 1779 duff.
1836 1662 2458 1826 „ 107316:592
166 1697 1151 1885 Rottendam . . . . . . .
1920 1779 2456 1939 773:13:8
162 1853 590 1991 Boorn.
1780 1921 1854 2051 -„
1960 1899 2449 2062 82853:12:11/¾
181 1974 887 2166 Euckhuijsen . . . . .
1922 2025 2475 2192 141854:17:12:
959 2030 2493 2407 San  boen 6 6 9 1
242 2307 2376 2538 doorsua deliberatie goetgeponden, de ofdre va on
173 2420 2985 2670 Heeren principaelen, nopende de Equalitatie den afte senhn deonbr
2394 2568 3047 2694 d’ Esqualisatie te betragten
183 2570 2418 2752 dene retouren soo na als mogelijck zijte voldoen, ende
177 2649 2419 2863 ten dien eijnde voor de Camer Enhuijsen, aen te
2347 2637 3025 2868 g Bamenel
170 2787 2999 2973 leiggen. het jaght Dloemendasron delff, des uijt door Encklyijsen, ende
2414 2882 3000 2993 fleuijt de krijgsman
176 2922 3026 3065 de Cujgsman, beijde ingehuijde bodems zijnde wijders voor delff aengeleijt
166 3025 2471 3213 de meninge vande vergaderinge om het Iagtt: S: Audrus
2423 3098 3045 3256 En de s: andries indese
183 3165 2984 3324 wanneer het hier komt te verschijnement egen C:verschijninge vaor
2359 3300 2986 3441 _Hoorn t gestuijken
186 3257 2256 3415 ende te doen afladen voor Hoorn, welcke Camer
199 3320 2426 3567 gelijck boven aengewelen is, naest fuckhuijsen en
20 3494 2425 3684 delff wel het meeste ten aghteren staet: en dat dan bij
2410 3541 3043 3743 En den ok p eelane
190 3630 2333 3825 eerste gelegentheijt mede zal worden gelet op het te
2417 3709 3018 3856 en Rotterdam te letten
179 3746 2457 3949 dat komen vande Cameren Zielandt, en Astterde
346 3945 2358 4168 vergaderingh nu zedert eenigen tijt al diverse
2173 4084 2494 4214 maelen
