3066 4462
755 186 1377 435 October
28 379 2656 590 en 4. d:o Indien het telaet wert om die besendinge te doen, sullen de coopmanp=s
2511 504 2971 670 No: 411.
452 528 1994 674 totter naeste Jaerop Ceijlon opgelegt werden -
336 659 2779 794 maer anders direct van Lolombo sonder Elders aen te loopen Werden ondernomen 1
378 729 2555 865 vert aenkonnen van een vaertuijgh met Beper, Wiede Caneel, als eenige
2432 851 2745 963 ---
549 830 2124 956 specerijen van Mallabaer op Cormandel. -
368 911 2829 1084 sal den Commissaris Marten Huijsman tot Cochim nader Exam doen. „ —
375 1013 2676 1145 en besorgen de Comp: berwegen in haer figt niet Wert verkort - - . - .
2658 1032 2784 1175 „
379 1120 2740 1244 en dat ook de negotie Contracten met babba, en poelicat na de letter werdn voldren„
390 1248 2792 1391 Nla Ceijlen te ondrneren nogh een fluijt off kat van daer nabeigale aff testeken,
406 1361 2675 1499 't koper, dat boven de geordonneerde 5000. kisten Voor sucatta salo73/: sn
643 1450 2318 1602 op Ceijlon op telegge . ........... .......
2674 1455 2979 1614 „412.
361 1541 2604 1681 En mallabar doorgaens daer niet, soo veelmen kan Pertieren te voorsien
2667 1572 2751 1698 „
391 1685 2510 1828 de peper die boven 't Ceijlouze tetouk op Cochim mogt overigh 1/en n
2650 1753 2774 1889 „
685 1777 1251 1917 Berbia tesenden ..
388 1810 1775 2036 Enop de suijverseijt derselv nouw te setten
399 1928 2123 2115 geen tijs meer van Lanara Voor batavia op te hoopen -
2661 2075 2746 2202 „
396 2073 2623 2232 Itangen gelden meer uijt sourattai off persia Voor mallabaert te trecken
374 2189 2572 2348 maersaemen't met den Witier der coopmans: daermoeten tint schieten
2629 2198 2739 2332 „
90 2245 226 2378 de
418 2310 2383 2498 ’t dicseleren van olij uijt Wildhames op Mallabaer uijt te toehjen
36 2428 2500 2586 28: d:o op de tijdinge van nieuwe Invasie der stropers in onse bovenlanden
678 2551 1474 2703 omtrent filingshij Li
2607 2504 2981 2692 „ 413
371 2660 2737 2799 den Capt:n Willem hartsinck berwaerts afftesende, met 60: Nederl. Sondaten
397 2760 2734 2916 nedens den amboineten Capt:n Joncker met 64:' amboinesen, 40. meri ches
651 2866 1181 3006 en 80. Javaaen
2654 2878 2739 2976 „
401 2948 2634 3137 om die shoopers, en bantammers tot een daghtheijsens boven belings hij te
659 3067 1702 3216 mogen vervolgen Inffnneren
411 3174 1875 3304 gevende van hun besindinge ten Eersten advijs.. .
2651 3216 2713 3303 „
399 3301 2648 3429 bevijende, niet meer vernomen werdende, salhij de markhnemen van
2634 3414 2743 3511 „
685 3387 1594 3546 silings hij op Canjonggouwe
393 3453 2736 3672 en daer Jnderminme debalijze hooffden van Hoedoeggedou bij sij ontbieden„
421 3644 2635 3796 off oock weederwaerts op Merchieren, om te ondervinden. off zij volgens
681 3741 2281 3898 belofte Comp:s gBoorsaamdijt submitteren --
2604 3683 2682 3849 „
2610 3831 2909 3981 „ 414
405 3829 1576 4013 en sigh bij onse troepen voegen willen.
402 3892 2584 4106 met belofte dat de bataize Jugatiten onder haer zijnde geen Leet sal
702 4063 1807 4237 schieden, en Vrijdom besorghe Werden
