3082 4614
10 4336 74 4432 „
2812 15 3004 192 213
2776 155 3034 358 217
244 512 3039 681 van 11cature, en p:l oppergesaghebber op Hale E Wilem vanden molen
2407 675 3097 784 Commandeur Van Jalo, beijds
235 674 2393 836 te qualificeren, tot Commandeur der stadt en Lande
2408 744 2957 863 met 150. gl. Imaents
240 795 2367 914 van Gade beijde onder een gelycke beloninge van
2407 840 2538 949 b
245 876 2497 1029 150 guldens ter maent zynde 't ordinare Command:
223 976 3056 1144 tractement, sonder verbandt; sullende den E van Bangh Van Van Tonla
2420 1104 3067 1213 naeft den schunde d’ E Pijf
247 1132 2220 1309 Dorsten, waest de tweede van't gouvernement
2406 1176 3063 1271 en d'Evander Molen haeft
2446 1238 2789 1380 van vorsten
211 1226 2412 1427 Laurens Dijl: ende den E: vander moolen naestb
233 1374 2371 1528 voorschreven van vorsten, jn rangs, en ordre
243 1485 2478 1635 in alkanderen volgen, ende van welcke twee
221 1604 2457 1753 wackere mannen, men dan versoopt en verwagtt
214 1666 2500 1820 de Comp:s op dat waerdige Eylandt nogh verdere
216 1807 2435 1972 trouwe goede diensten sal komen te trecken.
172 1982 2478 2145 En verscheijde redenen, en suspitien van eenige
217 2119 2351 2286 moasserijen, en quade handelingen, die ten Comptoire
212 2224 2408 2377 Siam souden jn swangh gaen, ende dat ons daer
230 2331 2293 2504 bock het beste genoegen miet, en wert gegeven
2405 2390 3094 2563 Het opper hooft Dirk d Jongs
223 2446 2392 2632 is na deliberatie goetgevonden, den oppercoopman
2414 2525 3080 2643 on den seoun de Gillis goofsens
181 2520 2976 2726 dirck de Jonge, en secund persoon Cielis gooftensuijt sam shnus
2457 2666 2795 2809 op te Hoep
215 2666 2444 2846 beijde van daer henwaerts op te roepen, hoewel den
226 2759 2416 2956 laesten zijn demissie al diverse maelen perativelijck
2448 2795 3042 2984 Omdieerse sispecte
210 2882 2887 3039 heeft versoght om hun zaecken, en suspecte handelingen saaken te
218 3010 2981 3157 hier na behoren te verantwoorden. te meer Verontwoorden
213 3104 2485 3289 sulx oock naer de jongste scherpe ordre der zeven,
217 3250 2496 3412 Maijores geensins en kan werden voor bij gegaen.
180 3422 2517 3633 of voegens resolutie van 27e maij passato, en het voorstel
157 3552 2448 3703 van Heeren schepenen, toenmaels. aen ons gedaen
187 3676 2478 3845 wegens de verplaetsinge van het Cazarus huijs
2 3783 2496 3931 e buijten desen stede, 't welcke tot nogh aende westcant
218 3885 2310 4076 omtrent de fortresse ankee heeft gestaen, maer
225 3986 2468 4185 tegenwoordigh met het toenenren van die Elendige
221 4120 2429 4290 sieckte, en wel jnsonderheijt na de gelegentheijt
2111 4259 2315 4368 van
