3159 4689
18 423 68 541 „
2901 19 3066 191 541
2724 219 3058 384 24
280 489 2405 707 voegevonden, jn Comp:s van tlieuw koortwijck met
2471 563 3135 745 de Ingekogte saghiens
280 639 3097 820 den H: gouverneur Pits, nogh derwaerts affesenden Puitam en de Hoop
2474 774 3082 880 na malaca tesenden
210 750 2492 920 de Iagsses Dantam en de Hoop, op 29: passado
290 872 2510 1030 vande borgerij alhier tegekoght en daer toe bequaem
273 942 679 1112 gaghten
424 1088 2521 1314 En alsoo den tijt ophhanden is tot de saete te doene
272 1262 2490 1413 besendinge, naer siam soo zijn tot afhael van den rijs, en
282 1324 2506 1509 olij diemen Calculeert, aldaer jn voorraet te sullen wesen
269 1461 2377 1595 en om met eenen het nieuw geeligeerde opperhooft
279 1480 3132 1683 dernoutsaa, over tevoeren, derwaerts aengelegst: de Turoen Jander gouw: an
2485 1590 3136 1704 denkasenbergh aengehegt
270 1633 2565 1758 schepen 't wapen vander gouwitie den Bazenberge, welcken
2558 1660 2916 1779 haer siam
269 1755 2517 1893 laesten bodem dagelijcx van Dima hier te rugge werd
267 1820 791 1964 verwaght.
286 1921 2505 2167 Insgelijcks is goedgevonden, boven de reets genomineerde
2485 1968 3133 2131 De Baie
285 2087 2444 2231 1. bodems, nogh voor Dengale te doen gereitmaken
2423 2086 3142 2219 Daleennder in Rottucaswal
2498 2180 2893 2291 Voorbengal
267 2186 2474 2339 de Jaghten koemers wale, en den alexander, omme beijde
271 2282 2389 2435 met rijs, en oock het nodige patrias retour, van daer
271 2343 1368 2467 na Ceijlon. voort te gaen.
267 2465 2532 2647 Gelyck dan mede verstaen zij met de geeytchte goederen
267 2579 2451 2728 voor het Ceijlonse gouvernement, voor eerst der waerts
2476 2549 3122 2720 t chip tistenaangelijt
2468 2668 3119 2797 hr chejlen om vandaet
241 2665 2439 2832 afezenden, het schip Ceijlon, en welcken bodem oocko
2474 2750 2962 2886 te Epatrieren
266 2792 2488 2906 geprojecteert wert, omme nevens Roemerswale, off den
159 2878 2473 3009 alepander soo er geen grooter bijder hant moghten zijn,
267 2944 2030 3096 desen Jaere vandaer, na ’t patria aftegaen.
276 3074 2522 3312 Nlademael den agstbaren raadt van Justitie deses Casteels
260 3219 2432 3371 nette desharge vanden d: Joan Pitter, en het
259 3330 2455 3501 aenstaende vertreck vanden E: Jacob vander waeijen
258 3388 3141 3607 mercklyck staet te verswacken, soo is. tot versterckinge den Onderop: Abrahan
2456 3523 3047 3626 Van Riebeeck als een
266 3488 2274 3659 van dien goetgevonden. als een super numerair
2446 3596 3094 3690 Supernumerair lidt in
240 3593 3063 3763 Lidt jn gemelten raad wederom te afsinueren, dena den Ralt Jun Sustitie
255 3674 2933 3870 ondercoopman Abrasam van Riebeeck; zijnde een gepromov: Geassimeert
254 3795 2541 3944 advocaet, en boven dien een man van eerlycken zedigen
250 3899 2362 4055 omme ganck, en goede bequaemheijt, mits hij Eghter
268 3970 3104 4152 geen verbeteringe voor tijts expiratie zal mogen somer verhoginge van
270 4086 2716 4273 pretenderen, maer van nu aff het daer toe staende kostgelt s
2277 4264 2441 4384 eng
