3147 4704
2882 34 3073 196 245.
2843 209 3024 372 24
187 509 3055 657 meer malen geordonreert daereijcx moeten werden was sheeps Ruijmte
2431 624 2914 734 tat orhail der
231 640 2384 776 over geprrepen wat retouren tegent uijtgaen
2424 686 3104 814 Hepuren Voorzald zij
228 758 3042 905 van Riegusoo, en voorts, welijn voorraddt sullen Ierlijx uijt Bengale
2433 829 2863 965 Overte schrijven
234 841 2299 1021 wesen, ende wat scheeps runmge daertoe mogtten
2441 924 2996 1099 en de Eijsfchen dock
220 948 2416 1158 komen te vereijscken, dienende van oock de eijsschen
2448 1068 2900 1200 tjeljk te senden
207 1076 2542 1280 van Coopmankhappen voor deselve diregie, door gaens
160 1180 2258 1404 tijdigh, en behalven jnde brieven. tis gelijcx apart
224 1363 2423 1506 pecifice, over gesonden, om ons alhier daer nau t:r
221 1426 1104 1618 konnen requeeren
224 1589 295 1688 6
426 1643 2438 1829 elyck mede omtrent dit ponnt gerelolveert
199 1756 2526 1953 is: omt gevaer van ongelucken, jnt eerliesen t van Comp„s
2440 1824 3102 2000 een schepen han 25 april
223 1849 3101 2098 kostelycke chepen, op, dat vaerwater soo veel tot E: g: uijt Cengale
149 1943 2814 2125 doenlijck voor te komen, dat 'er van 25:e Apriil tot te versinden
206 2086 2352 2265 iet:o Augulto: geen bodems uijt Bengale haer
179 2173 2536 2390 Batavia, toff elders sullen mogen werden versonden
232 2316 2526 2453 om de veele periculi die deselve naer de eevarentheijt
185 2379 2473 2631 als dan zijn onder worpen, en oock met eenen expressl
2455 2445 3051 2588 Bog„ „  d: straet
2492 2568 3049 2668 E Mee Retelatein
216 2503 2298 2700 om dat er geen Bengaelse schepen, de straadt
2478 2621 3058 2753 Passeern  bijsorge
215 2619 2421 2824 van Malacca, sullen behoeven aente doen
228 2730 2341 2935 en te passeren, dan bij hooghdringende noodt en
214 2861 2451 3069 vettlegentheijt, maer alle de reijse hebben te nemen
229 2991 624 3123 bewesten
597 2974 2405 3178 Sumatra, om, die buyten voorde tijt
223 3097 2373 3257 van April tot Augusto: vastgestelt wert door
232 3217 2382 3365 gaens bequaemst, en gemacklijckst kan werden
218 3343 2538 3501 volbraght. over mits de vaert over voor s Malacca.
198 3444 2502 3633 „Jut reguardt vanden Particulieren handel, en —
213 3579 2344 3757 morsserijen ten hoogsten suspect gehouden wert, de
48 3664 2450 3875 (ondervindingh daer aff niet dan te klaer zijnde
247 3874 3093 4127 Ende nadiener Jn Bengale al een wijle Tondeigent Restent pionte
2353 4046 3075 4159 bougal A Pout priste
2559 4118 2833 4239 Versoopen
215 4093 2537 4279 101108: lb: asnijver, en daerom jnvendibel spiaulter
2206 4236 2357 4360 d
