3030 4663
49 34 287 185 278.
150 137 424 384 248
754 808 2880 983 van denveelinge logite vrijd donversehere derld
25 941 2980 1169 Mhejken wontnet bed is pesaaek: daer op iet anders tet andwoorde de
60 1055 714 1168 dat wijem bantam geeen
77 1137 504 1294 voor erteelen
781 1090 2985 1352 werd: daen diet w„t geeu bulus ten of oorgl i: d n
704 1248 3010 1493 vnd lantam nh andere en bocken; man bij aldien ons
673 1399 3044 1616 desele tegensteede mogtse worden aengedaen, of oodiongen
740 1556 2947 1820 dat wij in bulcken gpal sullen genoetacst wesug, en
51 1590 729 1823 haer bij todanigen toeval
55 1791 690 1881 niet sullen konnen nalat
740 1697 2968 1959 niet konper naerlaen, onte vijonde eder aende tusten
681 1713 769 1944 1
54 1860 664 1962 onse veijanden allen afor
70 1918 358 2053 aen te doen
686 1918 2977 2105 en allen afbronck aen doen, nietemin met verscheeninge
740 2066 2955 2267 dat wij alles sullen oge biengest was tot de geede vor in paec
743 2226 2922 2388 disschen ons ongemelde ngelze„ en deenzeunden
671 2348 1717 2563 han knen te stoecken
484 2592 2939 2859 Batavia In't Casteal datjm als Voorel
2047 2820 2814 3082 Vangachs
2556 3056 2946 3220 NN
1248 3047 1799 3223 „ 8 8
2312 3068 3047 3380 Kon bmer
2143 3301 3022 3594 Van B on
2088 3640 2953 3890 Jan Cankoin
