<?xml version="1.0" encoding="UTF-8" standalone="yes"?>
<PcGts xmlns="http://schema.primaresearch.org/PAGE/gts/pagecontent/2013-07-15" xmlns:xsi="http://www.w3.org/2001/XMLSchema-instance" xsi:schemaLocation="http://schema.primaresearch.org/PAGE/gts/pagecontent/2013-07-15 http://schema.primaresearch.org/PAGE/gts/pagecontent/2013-07-15/pagecontent.xsd">
    <Metadata>
        <Creator>prov=University of Rostock/Institute of Mathematics/CITlab|PLANET AI GmbH/Gundram Leifert/gundram.leifert@planet-ai.de:name=Dutch Mountains (18th Century)(htr_id=21683)::::v=2.6.6
prov=University of Rostock/Institute of Mathematics/CITlab|PLANET AI GmbH/Tobias Gruening/tobias.gruening@planet-ai.de:name=de.uros.citlab.module.baseline2polygon.B2PSeamMultiOriented:v=2.6.6
prov=University of Rostock/Institute of Mathematics/CITlab|PLANET AI GmbH/Tobias Gruening/tobias.gruening@planet-ai.de:name=/net_tf/LA73_249_0mod360.pb:de.uros.citlab.segmentation.CITlab_LA_ML:v=2.6.6
Transkribus</Creator>
        <Created>2020-09-07T17:37:06.821+07:00</Created>
        <LastChange>2020-09-07T16:38:17.617+02:00</LastChange>
        <TranskribusMetadata docId="471980" pageId="19528507" pageNr="275" tsid="39446124" status="IN_PROGRESS" userId="15017" imgUrl="https://files.transkribus.eu/Get?id=XENTJBFOVNVFFIPNISXXQLTB&amp;fileType=view" xmlUrl="https://files.transkribus.eu/Get?id=DLMARURENBCCSOZNNRSCVLJK" imageId="15088344"/>
    </Metadata>
    <Page imageFilename="ID-ANRI_K66a_890_275.jpg" imageWidth="3089" imageHeight="4669">
        <ReadingOrder>
            <OrderedGroup id="ro_1620456126228" caption="Regions reading order">
                <RegionRefIndexed index="0" regionRef="r1"/>
                <RegionRefIndexed index="1" regionRef="r2"/>
                <RegionRefIndexed index="2" regionRef="r3"/>
            </OrderedGroup>
        </ReadingOrder>
        <TextRegion orientation="0.0" id="r1" custom="readingOrder {index:0;}">
            <Coords points="35,613 35,4263 2385,4263 2385,613"/>
            <TextLine id="r1l1" custom="readingOrder {index:0;}">
                <Coords points="20,687 399,787 1912,758 1915,633 1788,592 1144,649 853,557 458,617 222,549 23,579"/>
                <Baseline points="35,680 128,684 221,687 314,690 407,693 500,697 593,701 687,702 780,706 873,708 966,711 1059,713 1152,716 1245,718 1339,719 1432,720 1525,723 1618,723 1711,725 1804,726 1898,726"/>
                <TextEquiv>
                    <Unicode>hoodende, sijn groete sraade diitbij desje</Unicode>
                </TextEquiv>
            </TextLine>
            <TextLine id="r1l2" custom="readingOrder {index:1;}">
                <Coords points="135,835 563,929 756,870 2163,920 2329,906 2332,793 395,789 138,707"/>
                <Baseline points="149,816 257,824 365,830 474,837 582,842 690,847 799,851 907,855 1015,858 1124,861 1232,863 1340,864 1449,866 1557,867 1665,869 1774,869 1882,870 1990,870 2099,872 2207,872 2316,872"/>
                <TextEquiv>
                    <Unicode>bantamoe voert, opde oni eeorde onder n</Unicode>
                </TextEquiv>
            </TextLine>
            <TextLine id="r1l3" custom="readingOrder {index:2;}">
                <Coords points="130,966 374,973 450,1054 603,1000 645,1042 1117,1029 1121,893 1003,933 891,892 567,927 132,873"/>
                <Baseline points="144,948 192,955 240,960 288,965 336,968 384,971 432,972 480,974 528,975 576,975 624,976 672,977 720,977 768,977 816,977 864,978 912,980 960,980 1008,983 1056,986 1104,989"/>
                <TextEquiv>
                    <Unicode>andere inconveniende</Unicode>
                </TextEquiv>
            </TextLine>
            <TextLine id="r1l4" custom="readingOrder {index:3;}">
                <Coords points="1478,1049 1585,1048 1654,1083 1749,1028 1816,1025 1879,1063 2017,1022 2063,1045 2101,1032 2107,904 2010,908 1915,957 1802,943 1746,903 1524,920 1484,898"/>
                <Baseline points="1494,989 1523,991 1553,994 1583,996 1612,999 1642,1001 1672,1002 1701,1005 1731,1007 1761,1008 1791,1009 1820,1011 1850,1011 1880,1013 1909,1013 1939,1013 1969,1014 1998,1014 2028,1014 2058,1014 2088,1013"/>
                <TextEquiv>
                    <Unicode>t bijdenen </Unicode>
                </TextEquiv>
            </TextLine>
            <TextLine id="r1l5" custom="readingOrder {index:4;}">
                <Coords points="328,1042 353,1049 364,1042 383,1047 402,974 388,970 384,973 369,975 346,969"/>
                <Baseline points="347,1026 371,1032"/>
                <TextEquiv>
                    <Unicode>„</Unicode>
                </TextEquiv>
            </TextLine>
            <TextLine id="r1l6" custom="readingOrder {index:5;}">
                <Coords points="123,1163 2339,1160 2341,1040 2243,1029 1912,1107 126,1035"/>
                <Baseline points="137,1112 246,1113 355,1115 465,1116 574,1119 683,1122 793,1125 902,1130 1011,1133 1121,1137 1230,1141 1339,1144 1449,1148 1558,1149 1667,1152 1777,1152 1886,1154 1995,1154 2105,1152 2214,1149 2324,1145"/>
                <TextEquiv>
                    <Unicode>wolcken opsigetef him ddisr wojt andermade voll</Unicode>
                </TextEquiv>
            </TextLine>
            <TextLine id="r1l7" custom="readingOrder {index:6;}">
                <Coords points="130,1297 2037,1348 2389,1320 2392,1201 133,1183"/>
                <Baseline points="146,1263 257,1263 369,1263 480,1263 592,1265 703,1266 815,1268 926,1269 1038,1271 1149,1274 1261,1276 1372,1278 1484,1281 1595,1284 1707,1287 1818,1290 1930,1293 2041,1296 2153,1299 2264,1304 2376,1307"/>
                <TextEquiv>
                    <Unicode>maent sunteange tot bepeingt sijner ornatij vaerd:</Unicode>
                </TextEquiv>
            </TextLine>
            <TextLine id="r1l8" custom="readingOrder {index:7;}">
                <Coords points="105,1425 2265,1480 2268,1334 1955,1300 1604,1382 1504,1307 108,1332"/>
                <Baseline points="119,1407 225,1406 332,1406 438,1406 545,1407 652,1409 758,1412 865,1414 972,1418 1078,1421 1185,1425 1292,1428 1398,1431 1505,1434 1612,1438 1718,1440 1825,1443 1932,1445 2038,1446 2145,1446 2252,1446"/>
                <TextEquiv>
                    <Unicode>enningen is geaccordeert: este als nu wederom</Unicode>
                </TextEquiv>
            </TextLine>
            <TextLine id="r1l9" custom="readingOrder {index:8;}">
                <Coords points="125,1627 550,1635 636,1556 785,1646 1384,1644 1479,1586 1550,1650 1701,1640 1735,1513 1399,1529 1257,1445 1104,1499 1010,1443 839,1511 501,1427 129,1491"/>
                <Baseline points="141,1542 219,1545 298,1548 377,1550 456,1553 534,1554 613,1557 692,1559 771,1562 849,1563 928,1566 1007,1568 1086,1571 1164,1574 1243,1575 1322,1579 1401,1582 1479,1584 1558,1589 1637,1592 1716,1596"/>
                <TextEquiv>
                    <Unicode>nevens zijne lngen Enstigh versoekt.</Unicode>
                </TextEquiv>
            </TextLine>
            <TextLine id="r1l10" custom="readingOrder {index:9;}">
                <Coords points="130,1727 2323,1738 2325,1645 1994,1620 882,1666 637,1558 548,1644 133,1623"/>
                <Baseline points="147,1688 255,1692 363,1696 471,1700 579,1703 687,1706 795,1709 903,1712 1011,1713 1119,1716 1228,1718 1336,1720 1444,1722 1552,1724 1660,1726 1768,1728 1876,1730 1984,1733 2092,1735 2200,1737 2309,1740"/>
                <TextEquiv>
                    <Unicode>onneenigen oag en wijder met eenen afs Landt van</Unicode>
                </TextEquiv>
            </TextLine>
            <TextLine id="r1l11" custom="readingOrder {index:10;}">
                <Coords points="117,1855 435,1939 2172,1901 2173,1843 1851,1831 1574,1721 119,1776"/>
                <Baseline points="132,1845 233,1851 334,1856 436,1859 537,1862 638,1865 740,1868 841,1869 942,1871 1044,1872 1145,1874 1246,1875 1348,1876 1449,1877 1550,1878 1652,1880 1753,1881 1854,1883 1956,1886 2057,1889 2159,1892"/>
                <TextEquiv>
                    <Unicode>die te bat te monden vn hs test nae</Unicode>
                </TextEquiv>
            </TextLine>
            <TextLine id="r1l12" custom="readingOrder {index:11;}">
                <Coords points="153,2043 1438,2028 1647,2117 2345,2042 2382,1903 657,1963 155,1868"/>
                <Baseline points="167,2018 282,2018 398,2018 514,2018 629,2018 745,2019 861,2021 977,2022 1092,2022 1208,2024 1324,2026 1440,2028 1555,2028 1671,2030 1787,2031 1903,2033 2018,2033 2134,2033 2250,2033 2366,2033"/>
                <TextEquiv>
                    <Unicode>Epaminatie van baacken, alsoo de nieuw getmaneerde</Unicode>
                </TextEquiv>
            </TextLine>
            <TextLine id="r1l13" custom="readingOrder {index:12;}">
                <Coords points="101,2255 2331,2246 2371,2101 1379,2130 1220,2021 103,2086"/>
                <Baseline points="116,2165 233,2166 351,2169 469,2171 587,2172 705,2174 823,2175 940,2177 1058,2178 1176,2178 1294,2180 1412,2181 1530,2183 1647,2183 1765,2184 1883,2186 2001,2189 2119,2190 2237,2192 2355,2195"/>
                <TextEquiv>
                    <Unicode>gees: opd aenschijven de Begen es das indteguond</Unicode>
                </TextEquiv>
            </TextLine>
            <TextLine id="r1l14" custom="readingOrder {index:13;}">
                <Coords points="136,2341 2329,2347 2329,2245 2175,2218 1518,2284 137,2254"/>
                <Baseline points="152,2321 260,2322 368,2322 476,2323 584,2324 692,2325 800,2325 909,2326 1017,2327 1125,2328 1233,2328 1341,2328 1449,2330 1557,2330 1666,2330 1774,2331 1882,2331 1990,2331 2098,2331 2206,2331 2315,2331"/>
                <TextEquiv>
                    <Unicode>vande banawc: en verdere borgenvaert en omuucrele</Unicode>
                </TextEquiv>
            </TextLine>
            <TextLine id="r1l15" custom="readingOrder {index:14;}">
                <Coords points="120,2522 682,2442 1002,2446 1379,2573 2336,2544 2337,2399 2157,2428 2030,2331 1834,2433 1418,2425 1216,2327 122,2365"/>
                <Baseline points="134,2477 243,2472 352,2469 462,2465 571,2463 681,2463 790,2463 899,2463 1009,2465 1118,2466 1228,2468 1337,2471 1446,2474 1556,2477 1665,2480 1775,2481 1884,2484 1993,2487 2103,2489 2212,2490 2322,2492"/>
                <TextEquiv>
                    <Unicode>hun beborens met en sijn besent geweest dan Eijndelijck</Unicode>
                </TextEquiv>
            </TextLine>
            <TextLine id="r1l16" custom="readingOrder {index:15;}">
                <Coords points="153,2672 2366,2669 2367,2567 2240,2530 1936,2584 155,2524"/>
                <Baseline points="167,2610 276,2612 385,2612 494,2613 603,2613 713,2615 822,2616 931,2618 1040,2619 1149,2620 1259,2622 1368,2624 1477,2625 1586,2627 1695,2630 1805,2631 1914,2634 2023,2637 2132,2640 2241,2643 2351,2646"/>
                <TextEquiv>
                    <Unicode>getesolvert is, dat hj de selers te maenden deses Jaers</Unicode>
                </TextEquiv>
            </TextLine>
            <TextLine id="r1l17" custom="readingOrder {index:16;}">
                <Coords points="137,2789 2354,2887 2357,2750 2113,2751 1978,2657 139,2713"/>
                <Baseline points="153,2768 262,2765 371,2763 481,2762 590,2762 699,2763 809,2764 918,2766 1027,2768 1137,2771 1246,2774 1355,2778 1465,2781 1574,2785 1683,2788 1793,2792 1902,2795 2011,2798 2121,2800 2230,2802 2340,2804"/>
                <TextEquiv>
                    <Unicode>sijn paartenmingen tot 698. k=r ter maendt den vollen</Unicode>
                </TextEquiv>
            </TextLine>
            <TextLine id="r1l18" custom="readingOrder {index:17;}">
                <Coords points="165,2939 303,3020 2328,2960 2329,2876 2190,2830 2056,2898 1047,2871 758,2777 570,2882 167,2826"/>
                <Baseline points="179,2925 285,2924 392,2924 499,2924 606,2924 713,2925 819,2927 926,2928 1033,2930 1140,2933 1247,2934 1353,2937 1460,2939 1567,2942 1674,2943 1781,2945 1887,2947 1994,2948 2101,2949 2208,2949 2315,2949"/>
                <TextEquiv>
                    <Unicode>sal moetin voldoen; dogh dat de twee volgende maenden</Unicode>
                </TextEquiv>
            </TextLine>
            <TextLine id="r1l19" custom="readingOrder {index:18;}">
                <Coords points="129,3123 804,3097 1038,3186 1275,3104 1465,3189 1900,3114 2128,3186 2318,3158 2320,3076 1958,2976 132,2989"/>
                <Baseline points="144,3077 252,3075 360,3074 468,3074 576,3075 684,3077 792,3080 900,3083 1008,3084 1116,3088 1224,3092 1332,3095 1440,3098 1548,3101 1656,3104 1764,3105 1872,3108 1980,3109 2088,3110 2196,3110 2304,3108"/>
                <TextEquiv>
                    <Unicode> uEd: deser mits desselfs geleden schaade sullen vorden</Unicode>
                </TextEquiv>
            </TextLine>
            <TextLine id="r1l20" custom="readingOrder {index:19;}">
                <Coords points="31,3325 606,3231 1017,3322 1896,3285 2301,3365 2386,3349 2391,3131 2244,3212 1586,3225 699,3105 35,3165"/>
                <Baseline points="48,3246 164,3240 280,3237 396,3236 513,3234 629,3236 745,3237 861,3240 978,3245 1094,3248 1210,3254 1326,3258 1443,3263 1559,3267 1675,3271 1791,3275 1908,3278 2024,3279 2140,3279 2256,3279 2373,3276"/>
                <TextEquiv>
                    <Unicode>gereguleerd, naet dat voorsz pacht op nieuw salkomen</Unicode>
                </TextEquiv>
            </TextLine>
            <TextLine id="r1l21" custom="readingOrder {index:20;}">
                <Coords points="120,3418 714,3495 867,3427 1337,3486 1978,3442 2173,3532 2178,3346 1923,3318 1741,3377 1456,3282 1171,3362 122,3331"/>
                <Baseline points="134,3390 235,3390 336,3392 437,3393 539,3395 640,3398 741,3400 843,3403 944,3406 1045,3408 1147,3413 1248,3416 1349,3419 1450,3422 1552,3425 1653,3428 1754,3431 1856,3432 1957,3435 2058,3437 2160,3438"/>
                <TextEquiv>
                    <Unicode>te geeden, als dewpelcke te dien Eynde op ult:o deser</Unicode>
                </TextEquiv>
            </TextLine>
            <TextLine id="r1l22" custom="readingOrder {index:21;}">
                <Coords points="143,3561 1734,3577 2087,3648 2248,3595 2252,3455 1520,3534 1205,3446 424,3500 147,3445"/>
                <Baseline points="158,3534 261,3536 365,3539 469,3541 573,3543 677,3547 781,3551 884,3554 988,3557 1092,3561 1196,3565 1300,3569 1404,3572 1508,3575 1611,3578 1715,3581 1819,3582 1923,3584 2027,3585 2131,3585 2235,3584"/>
                <TextEquiv>
                    <Unicode>de kovo sal werden opgewijlt en aende meestbiedende</Unicode>
                </TextEquiv>
            </TextLine>
            <TextLine id="r1l23" custom="readingOrder {index:22;}">
                <Coords points="144,3702 303,3726 426,3701 484,3730 655,3711 696,3743 766,3705 833,3726 894,3715 894,3581 737,3644 682,3609 632,3632 499,3611 408,3651 356,3616 144,3618"/>
                <Baseline points="158,3684 194,3686 230,3687 266,3688 302,3689 338,3690 374,3690 410,3690 446,3692 482,3692 518,3692 554,3692 590,3692 626,3692 662,3692 698,3692 734,3691 770,3690 806,3690 842,3689 878,3689"/>
                <TextEquiv>
                    <Unicode>wedere vipaght</Unicode>
                </TextEquiv>
            </TextLine>
            <TextLine id="r1l24" custom="readingOrder {index:23;}">
                <Coords points="129,3963 460,4023 864,3931 1326,4020 2050,3944 2367,4012 2400,3843 1833,3879 1551,3768 1370,3872 1182,3781 998,3873 600,3735 379,3825 129,3737"/>
                <Baseline points="143,3927 255,3931 367,3935 479,3937 591,3939 703,3941 815,3941 927,3942 1039,3942 1151,3942 1264,3942 1376,3941 1488,3941 1600,3941 1712,3941 1824,3941 1936,3941 2048,3941 2160,3941 2272,3942 2385,3944"/>
                <TextEquiv>
                    <Unicode> den Equparign=r Jocos gens, en getomaitiere</Unicode>
                </TextEquiv>
            </TextLine>
            <TextLine id="r1l25" custom="readingOrder {index:24;}">
                <Coords points="154,4099 755,4183 1070,4112 2294,4137 2295,4026 1746,3981 1309,4045 866,3931 745,4011 156,3983"/>
                <Baseline points="168,4053 273,4063 379,4070 484,4076 590,4082 696,4086 801,4089 907,4091 1012,4092 1118,4092 1224,4094 1329,4094 1435,4092 1540,4092 1646,4092 1752,4092 1857,4092 1963,4093 2068,4094 2174,4097 2280,4100"/>
                <TextEquiv>
                    <Unicode>schippers besightige zijnde, 't Jacht batapia p=mo deser van</Unicode>
                </TextEquiv>
            </TextLine>
            <TextLine id="r1l26" custom="readingOrder {index:25;}">
                <Coords points="2082,4238 2155,4248 2176,4268 2211,4253 2228,4261 2251,4243 2310,4288 2374,4278 2372,4194 2299,4190 2267,4164 2256,4173 2223,4165 2183,4189 2156,4164 2081,4157"/>
                <Baseline points="2096,4230 2122,4231 2148,4232 2174,4231 2200,4230 2227,4229 2253,4228 2279,4227 2305,4227 2331,4227 2358,4227"/>
                <TextEquiv>
                    <Unicode>Japata</Unicode>
                </TextEquiv>
            </TextLine>
            <TextEquiv>
                <Unicode>hoodende, sijn groete sraade diitbij desje
bantamoe voert, opde oni eeorde onder n
andere inconveniende
t bijdenen 
„
wolcken opsigetef him ddisr wojt andermade voll
maent sunteange tot bepeingt sijner ornatij vaerd:
enningen is geaccordeert: este als nu wederom
nevens zijne lngen Enstigh versoekt.
onneenigen oag en wijder met eenen afs Landt van
die te bat te monden vn hs test nae
Epaminatie van baacken, alsoo de nieuw getmaneerde
gees: opd aenschijven de Begen es das indteguond
vande banawc: en verdere borgenvaert en omuucrele
hun beborens met en sijn besent geweest dan Eijndelijck
getesolvert is, dat hj de selers te maenden deses Jaers
sijn paartenmingen tot 698. k=r ter maendt den vollen
sal moetin voldoen; dogh dat de twee volgende maenden
 uEd: deser mits desselfs geleden schaade sullen vorden
gereguleerd, naet dat voorsz pacht op nieuw salkomen
te geeden, als dewpelcke te dien Eynde op ult:o deser
de kovo sal werden opgewijlt en aende meestbiedende
wedere vipaght
 den Equparign=r Jocos gens, en getomaitiere
schippers besightige zijnde, 't Jacht batapia p=mo deser van
Japata</Unicode>
            </TextEquiv>
        </TextRegion>
        <TextRegion orientation="0.0" id="r2" custom="readingOrder {index:1;}">
            <Coords points="2388,2456 2388,3491 2993,3491 2993,2456"/>
            <TextLine id="r2l1" custom="readingOrder {index:0;}">
                <Coords points="2373,2495 2580,2508 2632,2491 2699,2528 2754,2496 2894,2498 2893,2364 2855,2361 2820,2388 2788,2376 2754,2409 2707,2374 2617,2380 2512,2334 2373,2399"/>
                <Baseline points="2388,2486 2413,2486 2439,2486 2465,2487 2491,2487 2517,2487 2543,2487 2569,2487 2595,2487 2621,2487 2646,2486 2672,2486 2698,2486 2724,2486 2750,2486 2776,2486 2802,2485 2828,2484 2854,2484 2880,2484"/>
                <TextEquiv>
                    <Unicode>hij sal om besondeer</Unicode>
                </TextEquiv>
            </TextLine>
            <TextLine id="r2l2" custom="readingOrder {index:1;}">
                <Coords points="2909,2528 2967,2522 2947,2378 2932,2380 2930,2384 2920,2379 2889,2386"/>
                <Baseline points="2922,2520 2951,2516"/>
                <TextEquiv>
                    <Unicode></Unicode>
                </TextEquiv>
            </TextLine>
            <TextLine id="r2l3" custom="readingOrder {index:2;}">
                <Coords points="2403,2571 2577,2558 2679,2571 2696,2553 2865,2566 2863,2488 2782,2504 2712,2486 2684,2504 2628,2490 2550,2521 2401,2501"/>
                <Baseline points="2417,2558 2442,2557 2467,2555 2493,2555 2518,2553 2544,2553 2569,2552 2594,2552 2620,2552 2645,2552 2671,2552 2696,2550 2721,2550 2747,2550 2772,2549 2798,2547 2823,2547 2849,2546"/>
                <TextEquiv>
                    <Unicode>Redenen de eerste</Unicode>
                </TextEquiv>
            </TextLine>
            <TextLine id="r2l4" custom="readingOrder {index:3;}">
                <Coords points="2902,2573 2922,2576 2939,2570 2948,2579 2969,2562 2995,2559 2995,2506 2977,2506 2954,2524 2951,2521 2937,2527 2902,2524"/>
                <Baseline points="2915,2555 2948,2555 2981,2555"/>
                <TextEquiv>
                    <Unicode>in</Unicode>
                </TextEquiv>
            </TextLine>
            <TextLine id="r2l5" custom="readingOrder {index:4;}">
                <Coords points="2397,2632 2545,2648 2580,2630 2664,2654 2731,2637 2742,2649 2835,2644 2865,2629 2865,2565 2830,2574 2798,2556 2699,2553 2632,2578 2571,2560 2397,2568"/>
                <Baseline points="2411,2619 2436,2618 2462,2616 2488,2616 2514,2616 2540,2615 2565,2615 2591,2615 2617,2616 2643,2616 2669,2616 2695,2616 2720,2618 2746,2618 2772,2619 2798,2619 2824,2619 2850,2619"/>
                <TextEquiv>
                    <Unicode>des Iaers ten Vollen</Unicode>
                </TextEquiv>
            </TextLine>
            <TextLine id="r2l6" custom="readingOrder {index:5;}">
                <Coords points="2387,2720 2410,2719 2435,2694 2471,2707 2587,2697 2614,2719 2640,2706 2637,2645 2608,2646 2584,2630 2552,2628 2515,2650 2462,2629 2444,2627 2421,2640 2383,2624"/>
                <Baseline points="2399,2681 2424,2679 2449,2679 2474,2678 2499,2676 2524,2676 2549,2675 2574,2673 2599,2673 2624,2670"/>
                <TextEquiv>
                    <Unicode>betaalen</Unicode>
                </TextEquiv>
            </TextLine>
            <TextLine id="r2l7" custom="readingOrder {index:6;}">
                <Coords points="2406,2934 2596,2948 2659,2932 2727,2968 2848,2931 2919,2956 2991,2940 2990,2879 2882,2864 2821,2879 2771,2848 2594,2875 2405,2829"/>
                <Baseline points="2421,2930 2448,2930 2476,2930 2504,2930 2531,2930 2559,2928 2587,2928 2614,2927 2642,2927 2670,2927 2698,2926 2725,2925 2753,2925 2781,2924 2808,2924 2836,2923 2864,2922 2891,2922 2919,2922 2947,2922 2975,2921"/>
                <TextEquiv>
                    <Unicode>ende twee Volgende na</Unicode>
                </TextEquiv>
            </TextLine>
            <TextLine id="r2l8" custom="readingOrder {index:7;}">
                <Coords points="2433,3051 2489,3060 2523,3038 2552,3037 2600,2997 2623,2993 2635,3005 2646,2995 2707,2993 2705,2946 2601,2951 2577,2934 2540,2944 2428,2931"/>
                <Baseline points="2447,2999 2474,2996 2501,2994 2529,2993 2556,2992 2583,2991 2611,2991 2638,2990 2665,2988 2693,2987"/>
                <TextEquiv>
                    <Unicode>discrotie</Unicode>
                </TextEquiv>
            </TextLine>
            <TextLine id="r2l9" custom="readingOrder {index:8;}">
                <Coords points="2388,3355 3008,3362 3003,3173 2856,3206 2791,3161 2721,3160 2649,3194 2561,3185 2458,3234 2385,3224"/>
                <Baseline points="2403,3345 2432,3345 2462,3345 2491,3345 2521,3345 2550,3345 2580,3344 2609,3344 2639,3342 2668,3342 2698,3341 2727,3339 2757,3339 2786,3338 2816,3336 2845,3336 2875,3335 2904,3333 2934,3333 2963,3333 2993,3332"/>
                <TextEquiv>
                    <Unicode>en Voorts die Lagt ult:o</Unicode>
                </TextEquiv>
            </TextLine>
            <TextLine id="r2l10" custom="readingOrder {index:9;}">
                <Coords points="2402,3417 2449,3414 2498,3440 2614,3411 2702,3436 2740,3413 2899,3421 2917,3438 2949,3424 2949,3371 2920,3377 2864,3345 2832,3369 2797,3337 2745,3366 2597,3352 2550,3373 2478,3350 2454,3371 2402,3356"/>
                <Baseline points="2418,3407 2443,3408 2469,3410 2495,3410 2521,3411 2547,3411 2572,3411 2598,3411 2624,3411 2650,3411 2676,3410 2701,3410 2727,3410 2753,3410 2779,3408 2805,3408 2830,3408 2856,3408 2882,3408 2908,3408 2934,3408"/>
                <TextEquiv>
                    <Unicode>deser op nieuw werden</Unicode>
                </TextEquiv>
            </TextLine>
            <TextLine id="r2l11" custom="readingOrder {index:10;}">
                <Coords points="2392,3555 2517,3526 2596,3535 2669,3500 2730,3517 2767,3494 2849,3523 2980,3487 2980,3429 2948,3418 2913,3435 2616,3412 2549,3436 2392,3410"/>
                <Baseline points="2408,3471 2435,3473 2463,3474 2491,3474 2519,3476 2547,3476 2575,3477 2603,3477 2631,3477 2659,3477 2687,3477 2714,3477 2742,3477 2770,3476 2798,3476 2826,3476 2854,3474 2882,3474 2910,3473 2938,3473 2966,3471"/>
                <TextEquiv>
                    <Unicode>Opgeveijlt en Eerpaght</Unicode>
                </TextEquiv>
            </TextLine>
            <TextEquiv>
                <Unicode>hij sal om besondeer

Redenen de eerste
in
des Iaers ten Vollen
betaalen
ende twee Volgende na
discrotie
en Voorts die Lagt ult:o
deser op nieuw werden
Opgeveijlt en Eerpaght</Unicode>
            </TextEquiv>
        </TextRegion>
        <TextRegion orientation="0.0" id="r3" custom="readingOrder {index:2;}">
            <Coords points="2763,15 2763,273 2990,273 2990,15"/>
            <TextLine id="r3l1" custom="readingOrder {index:0;}">
                <Coords points="2795,114 2825,125 2847,119 2866,126 2883,116 2910,130 2926,123 2948,130 3002,127 3020,15 2964,15 2940,-1 2891,9 2871,-9 2840,0 2814,-7"/>
                <Baseline points="2816,81 2845,86 2874,91 2903,96 2932,100 2961,104 2990,111"/>
                <TextEquiv>
                    <Unicode>275.</Unicode>
                </TextEquiv>
            </TextLine>
            <TextLine id="r3l2" custom="readingOrder {index:1;}">
                <Coords points="2746,293 2775,308 2863,257 2906,273 2985,253 2987,128 2920,124 2882,144 2804,134 2748,157"/>
                <Baseline points="2763,234 2788,234 2814,234 2840,233 2866,233 2892,233 2918,234 2944,236 2970,240"/>
                <TextEquiv>
                    <Unicode>275</Unicode>
                </TextEquiv>
            </TextLine>
            <TextEquiv>
                <Unicode>275.
275</Unicode>
            </TextEquiv>
        </TextRegion>
    </Page>
</PcGts>
