<?xml version="1.0" encoding="UTF-8" standalone="yes"?>
<PcGts xmlns="http://schema.primaresearch.org/PAGE/gts/pagecontent/2013-07-15" xmlns:xsi="http://www.w3.org/2001/XMLSchema-instance" xsi:schemaLocation="http://schema.primaresearch.org/PAGE/gts/pagecontent/2013-07-15 http://schema.primaresearch.org/PAGE/gts/pagecontent/2013-07-15/pagecontent.xsd">
    <Metadata>
        <Creator>prov=University of Rostock/Institute of Mathematics/CITlab|PLANET AI GmbH/Gundram Leifert/gundram.leifert@planet-ai.de:name=Dutch Mountains (18th Century)(htr_id=21683)::::v=2.6.6
prov=University of Rostock/Institute of Mathematics/CITlab|PLANET AI GmbH/Tobias Gruening/tobias.gruening@planet-ai.de:name=de.uros.citlab.module.baseline2polygon.B2PSeamMultiOriented:v=2.6.6
prov=University of Rostock/Institute of Mathematics/CITlab|PLANET AI GmbH/Tobias Gruening/tobias.gruening@planet-ai.de:name=/net_tf/LA73_249_0mod360.pb:de.uros.citlab.segmentation.CITlab_LA_ML:v=2.6.6
Transkribus</Creator>
        <Created>2020-09-07T17:36:58.723+07:00</Created>
        <LastChange>2020-09-07T16:13:25.271+02:00</LastChange>
        <TranskribusMetadata docId="471980" pageId="19528392" pageNr="188" tsid="39443545" status="IN_PROGRESS" userId="15017" imgUrl="https://files.transkribus.eu/Get?id=NKRJZCYYPKPSBFNESFQAJHHF&amp;fileType=view" xmlUrl="https://files.transkribus.eu/Get?id=LHSJIBBYZZLVSXFMKAQJNRKH" imageId="15088229"/>
    </Metadata>
    <Page imageFilename="ID-ANRI_K66a_890_188.jpg" imageWidth="3054" imageHeight="4603">
        <ReadingOrder>
            <OrderedGroup id="ro_1620456110719" caption="Regions reading order">
                <RegionRefIndexed index="0" regionRef="r1"/>
                <RegionRefIndexed index="1" regionRef="r2"/>
                <RegionRefIndexed index="2" regionRef="r3"/>
                <RegionRefIndexed index="3" regionRef="r4"/>
            </OrderedGroup>
        </ReadingOrder>
        <TextRegion orientation="0.0" id="r1" custom="readingOrder {index:0;}">
            <Coords points="0,109 0,4412 2982,4412 2982,109"/>
            <TextLine id="r1l1" custom="readingOrder {index:0;}">
                <Coords points="25,179 61,178 103,190 142,174 152,181 184,172 199,186 216,185 212,90 195,91 147,61 124,87 77,67 46,90 22,91"/>
                <Baseline points="41,161 67,162 93,161 119,159 145,157 171,156 197,158"/>
                <TextEquiv>
                    <Unicode>88.</Unicode>
                </TextEquiv>
            </TextLine>
            <TextLine id="r1l2" custom="readingOrder {index:1;}">
                <Coords points="106,403 131,401 150,418 182,422 211,392 236,387 246,375 260,381 273,366 281,373 297,354 315,353 307,247 236,238 209,258 198,248 153,269 142,259 97,269"/>
                <Baseline points="123,372 151,370 180,366 209,365 238,363 267,362 296,359"/>
                <TextEquiv>
                    <Unicode>188</Unicode>
                </TextEquiv>
            </TextLine>
            <TextLine id="r1l3" custom="readingOrder {index:2;}">
                <Coords points="548,681 2827,629 2826,488 547,519"/>
                <Baseline points="564,630 676,632 788,632 900,631 1012,630 1125,630 1237,629 1349,629 1461,627 1573,626 1686,626 1798,624 1910,623 2022,623 2134,621 2247,621 2359,621 2471,621 2583,621 2695,621 2808,623"/>
                <TextEquiv>
                    <Unicode>Jongst erlangde suratse brieven de dato 19:e April passado:</Unicode>
                </TextEquiv>
            </TextLine>
            <TextLine id="r1l4" custom="readingOrder {index:3;}">
                <Coords points="550,797 2868,779 2899,658 549,701"/>
                <Baseline points="567,752 682,750 798,749 914,747 1030,746 1145,746 1261,744 1377,744 1493,744 1608,743 1724,743 1840,741 1956,741 2071,740 2187,738 2303,738 2419,737 2534,735 2650,734 2766,732 2882,731"/>
                <TextEquiv>
                    <Unicode>aen ois heeft versoght, en oversulx; met een ander getrouw</Unicode>
                </TextEquiv>
            </TextLine>
            <TextLine id="r1l5" custom="readingOrder {index:4;}">
                <Coords points="552,890 2804,894 2803,813 2619,747 552,798"/>
                <Baseline points="570,866 680,864 791,864 902,864 1012,863 1123,863 1234,861 1344,861 1455,861 1566,860 1677,860 1787,858 1898,858 2009,858 2119,857 2230,857 2341,855 2451,855 2562,854 2673,852 2784,852"/>
                <TextEquiv>
                    <Unicode>Capabel, minister werden vervangen, die met eenen dan</Unicode>
                </TextEquiv>
            </TextLine>
            <TextLine id="r1l6" custom="readingOrder {index:5;}">
                <Coords points="548,991 2436,972 2574,1031 2788,962 2788,877 547,927"/>
                <Baseline points="564,978 674,977 784,977 895,975 1005,975 1116,975 1226,974 1336,974 1447,974 1557,974 1668,972 1778,972 1888,971 1999,971 2109,969 2220,968 2330,966 2440,964 2551,962 2661,959 2772,956"/>
                <TextEquiv>
                    <Unicode>oock het suspecte gedoente, van sonnmige ministers</Unicode>
                </TextEquiv>
            </TextLine>
            <TextLine id="r1l7" custom="readingOrder {index:6;}">
                <Coords points="493,1106 2279,1128 2606,1096 2606,1036 1991,976 1028,1050 491,958"/>
                <Baseline points="509,1095 618,1095 727,1095 837,1094 946,1092 1056,1091 1165,1089 1274,1088 1384,1086 1493,1085 1603,1083 1712,1082 1822,1080 1931,1079 2040,1077 2150,1076 2259,1076 2369,1076 2478,1076 2588,1077"/>
                <TextEquiv>
                    <Unicode>aldaer volgens 't rappert vande H. Doeger, en</Unicode>
                </TextEquiv>
            </TextLine>
            <TextLine id="r1l8" custom="readingOrder {index:7;}">
                <Coords points="560,1209 2561,1264 2812,1206 2811,1121 2708,1101 559,1118"/>
                <Baseline points="579,1214 689,1212 800,1211 911,1210 1022,1209 1133,1208 1243,1206 1354,1206 1465,1205 1576,1203 1687,1203 1797,1202 1908,1202 2019,1200 2130,1200 2241,1199 2351,1199 2462,1197 2573,1197 2684,1196 2795,1196"/>
                <TextEquiv>
                    <Unicode>andere gerughten, eens nauw keurigh kan ondersoecken</Unicode>
                </TextEquiv>
            </TextLine>
            <TextLine id="r1l9" custom="readingOrder {index:8;}">
                <Coords points="2788,1293 2806,1296 2814,1290 2821,1291 2829,1284 2850,1287 2862,1193 2837,1190 2825,1177 2804,1174"/>
                <Baseline points="2811,1256 2835,1259"/>
                <TextEquiv>
                    <Unicode>1</Unicode>
                </TextEquiv>
            </TextLine>
            <TextLine id="r1l10" custom="readingOrder {index:9;}">
                <Coords points="567,1372 2797,1350 2768,1205 1375,1286 566,1217"/>
                <Baseline points="584,1323 693,1323 803,1323 913,1323 1023,1323 1133,1323 1243,1323 1352,1323 1462,1322 1572,1322 1682,1320 1792,1319 1902,1319 2012,1317 2121,1316 2231,1314 2341,1314 2451,1313 2561,1311 2671,1310 2781,1308"/>
                <TextEquiv>
                    <Unicode>oo is nadeliberatie, en op zijn vrijwillige aenbieding e</Unicode>
                </TextEquiv>
            </TextLine>
            <TextLine id="r1l11" custom="readingOrder {index:10;}">
                <Coords points="12,1415 2683,1443 2433,1329 612,1396 394,1254 13,1267"/>
                <Baseline points="29,1397 160,1404 292,1412 424,1418 556,1423 688,1425 820,1428 952,1430 1084,1431 1216,1431 1348,1430 1479,1430 1611,1428 1743,1427 1875,1425 2007,1424 2139,1422 2271,1422 2403,1422 2535,1422 2667,1422"/>
                <TextEquiv>
                    <Unicode>d E:. Wnno Dant verstaen, den E: Daniel parve althans visitateur</Unicode>
                </TextEquiv>
            </TextLine>
            <TextLine id="r1l12" custom="readingOrder {index:11;}">
                <Coords points="-19,1507 66,1495 101,1513 136,1487 211,1501 274,1479 341,1513 408,1480 553,1482 552,1422 456,1402 386,1417 350,1393 273,1429 -20,1415"/>
                <Baseline points="0,1482 26,1481 53,1481 80,1479 106,1479 133,1478 160,1478 186,1478 213,1478 240,1476 267,1476 293,1476 320,1476 347,1476 373,1476 400,1476 427,1476 453,1475 480,1475 507,1473 534,1473"/>
                <TextEquiv>
                    <Unicode>het Commissars, en</Unicode>
                </TextEquiv>
            </TextLine>
            <TextLine id="r1l13" custom="readingOrder {index:12;}">
                <Coords points="570,1613 1116,1536 1339,1609 2778,1570 2824,1446 569,1468"/>
                <Baseline points="588,1553 704,1550 821,1547 938,1545 1055,1544 1171,1542 1288,1542 1405,1542 1522,1541 1639,1541 1755,1541 1872,1541 1989,1541 2106,1541 2223,1541 2339,1539 2456,1539 2573,1538 2690,1536 2807,1533"/>
                <TextEquiv>
                    <Unicode>Generael, der Indische negotie boecken (ende van Wiens</Unicode>
                </TextEquiv>
            </TextLine>
            <TextLine id="r1l14" custom="readingOrder {index:13;}">
                <Coords points="7,1560 223,1566 251,1586 282,1561 377,1544 441,1568 550,1544 549,1498 518,1506 496,1485 344,1482 309,1500 259,1480 218,1499 147,1486 101,1512 66,1495 6,1507"/>
                <Baseline points="24,1551 49,1551 74,1551 100,1550 125,1550 150,1549 176,1548 201,1548 226,1547 252,1546 277,1545 302,1545 328,1544 353,1544 378,1543 404,1542 429,1542 454,1542 480,1542 505,1541 531,1542"/>
                <TextEquiv>
                    <Unicode>Ooch direiteur van</Unicode>
                </TextEquiv>
            </TextLine>
            <TextLine id="r1l15" custom="readingOrder {index:14;}">
                <Coords points="3,1635 208,1639 257,1616 286,1640 345,1613 409,1629 504,1611 557,1634 555,1571 519,1554 439,1568 378,1545 270,1577 248,1560 157,1577 103,1557 1,1568"/>
                <Baseline points="20,1619 47,1619 74,1619 101,1619 129,1619 156,1618 183,1617 211,1616 238,1616 265,1614 293,1614 320,1613 347,1611 375,1610 402,1609 429,1608 457,1607 484,1606 511,1605 539,1605"/>
                <TextEquiv>
                    <Unicode>Souratta geeligeert</Unicode>
                </TextEquiv>
            </TextLine>
            <TextLine id="r1l16" custom="readingOrder {index:15;}">
                <Coords points="581,1703 2716,1676 2715,1581 2581,1540 1371,1620 1116,1537 581,1615"/>
                <Baseline points="597,1676 702,1674 807,1671 912,1670 1017,1668 1122,1667 1227,1665 1332,1664 1437,1663 1542,1662 1648,1661 1753,1661 1858,1661 1963,1659 2068,1659 2173,1659 2278,1659 2383,1659 2488,1659 2593,1658 2699,1658"/>
                <TextEquiv>
                    <Unicode>Capaciteijt, en goede bequaemheden wij preuven zijn</Unicode>
                </TextEquiv>
            </TextLine>
            <TextLine id="r1l17" custom="readingOrder {index:16;}">
                <Coords points="11,1709 67,1707 95,1681 117,1701 236,1689 301,1712 332,1689 395,1690 438,1713 533,1681 568,1690 566,1627 487,1612 407,1630 255,1618 220,1641 8,1631"/>
                <Baseline points="29,1691 56,1691 83,1690 110,1689 138,1688 165,1688 192,1688 220,1686 247,1686 274,1685 302,1684 329,1683 356,1682 384,1681 411,1679 438,1678 466,1676 493,1674 520,1671 548,1668"/>
                <TextEquiv>
                    <Unicode>in plaets van d' Her</Unicode>
                </TextEquiv>
            </TextLine>
            <TextLine id="r1l18" custom="readingOrder {index:17;}">
                <Coords points="10,1832 69,1810 116,1821 159,1789 181,1791 225,1767 276,1788 286,1776 304,1786 342,1776 337,1705 285,1720 237,1692 164,1701 141,1688 118,1700 91,1681 41,1717 2,1712"/>
                <Baseline points="24,1779 51,1773 78,1769 105,1765 132,1761 159,1759 187,1758 214,1757 241,1757 268,1755 295,1755 323,1754"/>
                <TextEquiv>
                    <Unicode>Abbema</Unicode>
                </TextEquiv>
            </TextLine>
            <TextLine id="r1l19" custom="readingOrder {index:18;}">
                <Coords points="577,1836 2019,1768 2694,1828 2856,1791 2855,1692 575,1706"/>
                <Baseline points="593,1784 705,1782 817,1782 929,1781 1041,1779 1154,1777 1266,1775 1378,1773 1490,1772 1602,1770 1715,1769 1827,1767 1939,1766 2051,1764 2163,1764 2276,1763 2388,1763 2500,1763 2612,1763 2724,1764 2837,1766"/>
                <TextEquiv>
                    <Unicode>hebbende) te Eligeren ofte te verkiesen, tot Commissaris</Unicode>
                </TextEquiv>
            </TextLine>
            <TextLine id="r1l20" custom="readingOrder {index:19;}">
                <Coords points="576,1931 2796,1909 2887,1887 2886,1784 575,1836"/>
                <Baseline points="594,1896 707,1895 821,1893 935,1892 1049,1890 1163,1890 1276,1889 1390,1887 1504,1886 1618,1884 1732,1883 1845,1883 1959,1881 2073,1880 2187,1878 2301,1877 2414,1875 2528,1874 2642,1872 2756,1871 2870,1869"/>
                <TextEquiv>
                    <Unicode>over de directie, en Comp: generael gedoente jn Suratta</Unicode>
                </TextEquiv>
            </TextLine>
            <TextLine id="r1l21" custom="readingOrder {index:20;}">
                <Coords points="2777,1941 2795,1941 2805,1934 2823,1948 2837,1948 2851,1962 2879,1962 2879,1884 2862,1884 2830,1906 2823,1898 2812,1906 2777,1909"/>
                <Baseline points="2796,1938 2829,1935 2862,1938"/>
                <TextEquiv>
                    <Unicode>is</Unicode>
                </TextEquiv>
            </TextLine>
            <TextLine id="r1l22" custom="readingOrder {index:21;}">
                <Coords points="574,2025 2879,2056 2878,1961 2563,1878 2349,1957 2179,1877 1551,1956 574,1934"/>
                <Baseline points="591,2009 704,2009 818,2007 931,2006 1045,2004 1158,2004 1272,2003 1385,2003 1499,2001 1612,2001 1726,2000 1839,2000 1953,1998 2066,1998 2180,1997 2293,1997 2407,1997 2520,1995 2634,1995 2747,1995 2861,1995"/>
                <TextEquiv>
                    <Unicode>Ende om met eenen na het vorigh exempel van d’ H:r ord:</Unicode>
                </TextEquiv>
            </TextLine>
            <TextLine id="r1l23" custom="readingOrder {index:22;}">
                <Coords points="568,2201 1340,2119 1549,2187 1834,2098 2057,2169 2770,2141 2768,2017 2651,2008 567,2077"/>
                <Baseline points="584,2132 692,2129 800,2127 908,2126 1017,2123 1125,2121 1233,2120 1342,2117 1450,2115 1558,2114 1667,2112 1775,2111 1883,2109 1991,2108 2100,2106 2208,2105 2316,2103 2425,2103 2533,2102 2641,2102 2750,2102"/>
                <TextEquiv>
                    <Unicode>raadt Willem Voeger, den Heer bijbrand Abbema</Unicode>
                </TextEquiv>
            </TextLine>
            <TextLine id="r1l24" custom="readingOrder {index:23;}">
                <Coords points="585,2245 2890,2266 2832,2111 585,2199"/>
                <Baseline points="603,2244 716,2241 830,2238 943,2237 1057,2234 1170,2232 1284,2231 1397,2229 1511,2228 1624,2226 1738,2225 1851,2223 1965,2222 2078,2222 2192,2220 2305,2220 2419,2220 2532,2219 2646,2219 2759,2219 2873,2219"/>
                <TextEquiv>
                    <Unicode>als, Directeur te vervangen, transport over tenemen</Unicode>
                </TextEquiv>
            </TextLine>
            <TextLine id="r1l25" custom="readingOrder {index:24;}">
                <Coords points="584,2362 2797,2355 2584,2226 2288,2296 583,2263"/>
                <Baseline points="602,2352 710,2352 819,2351 928,2351 1037,2349 1146,2348 1254,2346 1363,2345 1472,2343 1581,2342 1690,2342 1798,2340 1907,2339 2016,2337 2125,2337 2234,2336 2342,2336 2451,2334 2560,2334 2669,2334 2778,2336"/>
                <TextEquiv>
                    <Unicode>ende voorts met eenen die directie te blijven bekleden</Unicode>
                </TextEquiv>
            </TextLine>
            <TextLine id="r1l26" custom="readingOrder {index:25;}">
                <Coords points="18,2629 2791,2598 2873,2455 2614,2404 2303,2527 2117,2407 1258,2509 713,2435 16,2559"/>
                <Baseline points="36,2622 177,2613 318,2604 459,2597 600,2592 741,2586 882,2583 1023,2579 1164,2576 1305,2574 1447,2571 1588,2570 1729,2568 1870,2568 2011,2567 2152,2565 2293,2562 2434,2561 2575,2558 2716,2555 2858,2550"/>
                <TextEquiv>
                    <Unicode>Oergeleven geschift den advocaet fiscael van Jndia, M:r Snalter Zeeman</Unicode>
                </TextEquiv>
            </TextLine>
            <TextLine id="r1l27" custom="readingOrder {index:26;}">
                <Coords points="14,2696 180,2680 240,2707 318,2682 449,2705 484,2683 544,2704 597,2693 596,2622 525,2605 462,2627 412,2603 299,2622 271,2651 225,2623 14,2629"/>
                <Baseline points="33,2676 60,2676 87,2676 114,2676 142,2676 169,2676 196,2676 223,2676 251,2676 278,2676 305,2676 332,2676 360,2676 387,2675 414,2675 441,2673 469,2673 496,2672 523,2671 550,2669 578,2667"/>
                <TextEquiv>
                    <Unicode>Vaar den fiscule Loman</Unicode>
                </TextEquiv>
            </TextLine>
            <TextLine id="r1l28" custom="readingOrder {index:27;}">
                <Coords points="605,2724 1144,2693 1371,2761 1744,2679 1978,2746 2824,2694 2823,2591 603,2611"/>
                <Baseline points="621,2688 730,2688 839,2688 948,2688 1058,2688 1167,2688 1276,2688 1386,2687 1495,2687 1604,2685 1714,2685 1823,2684 1932,2682 2041,2681 2151,2678 2260,2676 2369,2673 2479,2670 2588,2667 2697,2663 2807,2658"/>
                <TextEquiv>
                    <Unicode>heeft op ons geresolveerde vanden 23:e des voorleden</Unicode>
                </TextEquiv>
            </TextLine>
            <TextLine id="r1l29" custom="readingOrder {index:28;}">
                <Coords points="22,2784 79,2783 103,2758 152,2750 198,2764 255,2745 336,2761 424,2749 453,2777 495,2748 523,2751 522,2684 501,2681 437,2703 409,2682 285,2688 265,2706 211,2679 92,2702 56,2685 21,2696"/>
                <Baseline points="39,2748 64,2747 90,2746 116,2745 142,2745 168,2745 194,2744 219,2745 245,2745 271,2745 297,2745 323,2744 349,2744 374,2744 400,2742 426,2741 452,2740 478,2738 504,2736"/>
                <TextEquiv>
                    <Unicode>tot Opbutbiedinge</Unicode>
                </TextEquiv>
            </TextLine>
            <TextLine id="r1l30" custom="readingOrder {index:29;}">
                <Coords points="606,2838 2381,2839 2465,2774 2787,2839 2784,2684 604,2732"/>
                <Baseline points="624,2805 731,2805 838,2804 945,2802 1052,2801 1160,2801 1267,2799 1374,2798 1481,2796 1588,2795 1696,2793 1803,2790 1910,2789 2017,2787 2124,2784 2232,2781 2339,2780 2446,2777 2553,2775 2660,2772 2768,2769"/>
                <TextEquiv>
                    <Unicode>maents, althans doen jndienen een geschrift, daer bij</Unicode>
                </TextEquiv>
            </TextLine>
            <TextLine id="r1l31" custom="readingOrder {index:30;}">
                <Coords points="47,2837 117,2849 142,2824 188,2830 208,2812 301,2846 427,2818 551,2841 579,2833 578,2745 455,2769 419,2748 402,2763 260,2744 112,2768 45,2756"/>
                <Baseline points="65,2816 91,2816 117,2816 143,2814 169,2814 196,2814 222,2814 248,2814 274,2814 300,2813 327,2813 353,2813 379,2811 405,2811 431,2810 458,2810 484,2808 510,2807 536,2806 563,2805"/>
                <TextEquiv>
                    <Unicode>van d' E. Oosterwijck</Unicode>
                </TextEquiv>
            </TextLine>
            <TextLine id="r1l32" custom="readingOrder {index:31;}">
                <Coords points="30,2929 104,2920 159,2887 248,2891 277,2908 364,2881 418,2912 495,2881 493,2814 236,2832 203,2811 140,2824 113,2849 28,2844"/>
                <Baseline points="48,2883 73,2883 98,2882 123,2882 148,2882 174,2880 199,2880 224,2880 249,2879 275,2879 300,2877 325,2877 350,2876 376,2876 401,2874 426,2873 451,2873 477,2871"/>
                <TextEquiv>
                    <Unicode>en bacherus uijt</Unicode>
                </TextEquiv>
            </TextLine>
            <TextLine id="r1l33" custom="readingOrder {index:32;}">
                <Coords points="607,2927 810,2993 1112,2920 2823,2897 2577,2800 605,2839"/>
                <Baseline points="623,2921 732,2921 841,2921 950,2919 1059,2918 1168,2916 1277,2913 1386,2911 1495,2908 1604,2904 1713,2901 1822,2898 1931,2896 2040,2892 2149,2891 2258,2888 2367,2886 2476,2885 2585,2883 2694,2883 2804,2883"/>
                <TextEquiv>
                    <Unicode>voorstellende, dat dE: Albertus van Oosterwyck, en</Unicode>
                </TextEquiv>
            </TextLine>
            <TextLine id="r1l34" custom="readingOrder {index:33;}">
                <Coords points="44,2990 72,2992 120,2965 163,2974 208,2951 273,2973 318,2964 372,2976 368,2884 297,2891 270,2906 220,2887 139,2890 104,2920 41,2923"/>
                <Baseline points="60,2949 86,2949 113,2948 140,2947 166,2945 193,2944 220,2942 247,2941 273,2940 300,2939 327,2939 354,2940"/>
                <TextEquiv>
                    <Unicode>Pouratta</Unicode>
                </TextEquiv>
            </TextLine>
            <TextLine id="r1l35" custom="readingOrder {index:34;}">
                <Coords points="2823,3021 2841,3022 2848,3016 2870,3017 2873,3021 2888,3011 2905,3012 2914,2893 2871,2893 2856,2903 2832,2901"/>
                <Baseline points="2844,2990 2889,2993"/>
                <TextEquiv>
                    <Unicode></Unicode>
                </TextEquiv>
            </TextLine>
            <TextLine id="r1l36" custom="readingOrder {index:35;}">
                <Coords points="590,3084 2848,3007 2665,2887 2264,2970 1628,2911 588,2971"/>
                <Baseline points="606,3033 717,3032 828,3029 939,3026 1050,3024 1161,3021 1272,3020 1384,3017 1495,3014 1606,3012 1717,3009 1828,3008 1939,3005 2050,3003 2162,3000 2273,2999 2384,2997 2495,2996 2606,2994 2717,2993 2829,2991"/>
                <TextEquiv>
                    <Unicode>Joannes Dacherus, beijde uijt Souratta, mogen werden</Unicode>
                </TextEquiv>
            </TextLine>
            <TextLine id="r1l37" custom="readingOrder {index:36;}">
                <Coords points="628,3189 2629,3156 2988,3110 2986,2997 1825,3002 1678,3090 1447,3013 1145,3087 703,3042 627,3104"/>
                <Baseline points="644,3143 760,3143 876,3141 993,3140 1109,3138 1226,3137 1342,3135 1458,3133 1575,3131 1691,3129 1808,3126 1924,3124 2040,3122 2157,3119 2273,3116 2390,3113 2506,3110 2622,3107 2739,3104 2855,3101 2972,3098"/>
                <TextEquiv>
                    <Unicode>herwaerts opgeroepen, omme haer tegens het gerapporteerde</Unicode>
                </TextEquiv>
            </TextLine>
            <TextLine id="r1l38" custom="readingOrder {index:37;}">
                <Coords points="611,3283 2556,3266 2876,3241 2875,3181 2750,3120 609,3199"/>
                <Baseline points="630,3263 741,3260 852,3256 964,3252 1075,3250 1187,3248 1298,3245 1410,3242 1521,3239 1633,3236 1744,3234 1855,3231 1967,3229 2078,3227 2190,3225 2301,3222 2413,3221 2524,3219 2636,3218 2747,3216 2859,3216"/>
                <TextEquiv>
                    <Unicode>van de Hr. Out Commissaris Willem Dolger, jn dato</Unicode>
                </TextEquiv>
            </TextLine>
            <TextLine id="r1l39" custom="readingOrder {index:38;}">
                <Coords points="618,3439 1096,3358 2681,3355 2772,3343 2770,3230 614,3283"/>
                <Baseline points="633,3369 739,3366 845,3363 951,3359 1057,3356 1163,3354 1269,3351 1375,3348 1481,3347 1587,3344 1693,3342 1799,3340 1905,3338 2011,3336 2117,3333 2223,3332 2329,3330 2435,3327 2541,3326 2647,3324 2754,3321"/>
                <TextEquiv>
                    <Unicode>pro Junij des voorleden Jaers aende hoogeregeringe</Unicode>
                </TextEquiv>
            </TextLine>
            <TextLine id="r1l40" custom="readingOrder {index:39;}">
                <Coords points="610,3493 2823,3498 2820,3371 2619,3346 609,3436"/>
                <Baseline points="627,3476 735,3474 844,3473 953,3471 1062,3468 1171,3466 1280,3463 1388,3461 1497,3458 1606,3455 1715,3452 1824,3450 1933,3447 2042,3446 2150,3444 2259,3441 2368,3440 2477,3439 2586,3438 2695,3438 2804,3438"/>
                <TextEquiv>
                    <Unicode>alhier, wegen de morsserijen &amp;:o bevorens jn suratta</Unicode>
                </TextEquiv>
            </TextLine>
            <TextLine id="r1l41" custom="readingOrder {index:40;}">
                <Coords points="606,3612 1411,3631 2123,3553 2470,3621 2652,3557 2537,3446 605,3531"/>
                <Baseline points="623,3587 723,3586 824,3585 924,3583 1025,3581 1125,3579 1226,3577 1326,3575 1427,3573 1527,3570 1628,3569 1728,3566 1829,3564 1929,3561 2030,3560 2130,3558 2231,3555 2331,3554 2432,3552 2532,3551 2633,3549"/>
                <TextEquiv>
                    <Unicode>gepleeght, voor den agstbaren raadt van Iustitie</Unicode>
                </TextEquiv>
            </TextLine>
            <TextLine id="r1l42" custom="readingOrder {index:41;}">
                <Coords points="565,3744 2855,3673 2711,3548 2469,3620 563,3610"/>
                <Baseline points="584,3708 696,3704 809,3699 921,3696 1034,3693 1147,3690 1259,3687 1372,3684 1485,3683 1597,3680 1710,3678 1823,3677 1935,3675 2048,3674 2161,3672 2273,3671 2386,3669 2499,3666 2611,3665 2724,3663 2837,3660"/>
                <TextEquiv>
                    <Unicode>dekes Casteels, te verantwoorden, gelijck uijt het selve</Unicode>
                </TextEquiv>
            </TextLine>
            <TextLine id="r1l43" custom="readingOrder {index:42;}">
                <Coords points="602,3833 2839,3789 2837,3725 2618,3666 2442,3740 712,3700 601,3766"/>
                <Baseline points="620,3815 735,3810 851,3807 967,3803 1082,3800 1198,3797 1314,3794 1430,3791 1545,3789 1661,3787 1777,3785 1893,3783 2008,3782 2124,3780 2240,3779 2356,3777 2471,3777 2587,3776 2703,3774 2819,3773"/>
                <TextEquiv>
                    <Unicode>request schrift hier onder nader kan werden gelesen</Unicode>
                </TextEquiv>
            </TextLine>
            <TextLine id="r1l44" custom="readingOrder {index:43;}">
                <Coords points="1211,4014 2235,3906 2329,3967 2701,3909 2823,3951 3002,3920 2999,3825 2870,3772 2735,3855 2552,3769 2187,3834 1419,3788 1207,3890"/>
                <Baseline points="1227,3945 1314,3944 1402,3941 1490,3938 1578,3935 1665,3932 1753,3929 1841,3926 1929,3923 2016,3920 2104,3917 2192,3914 2280,3911 2367,3908 2455,3905 2543,3902 2631,3900 2718,3897 2806,3896 2894,3893 2982,3891"/>
                <TextEquiv>
                    <Unicode>Aen den Hoogh Ed:s Heer Rijckloff van Goens</Unicode>
                </TextEquiv>
            </TextLine>
            <TextLine id="r1l45" custom="readingOrder {index:44;}">
                <Coords points="1237,4132 1768,4057 2999,4037 2995,3921 2914,3899 2809,3952 2699,3909 2323,3964 2236,3907 1233,4005"/>
                <Baseline points="1254,4062 1340,4062 1426,4061 1513,4060 1599,4058 1685,4055 1772,4053 1858,4049 1944,4046 2031,4041 2117,4038 2203,4035 2290,4031 2376,4028 2462,4024 2549,4022 2635,4019 2721,4017 2808,4016 2894,4014 2981,4014"/>
                <TextEquiv>
                    <Unicode>Gouvern:r gener:s en d’ Ed:e Heeren Raaden</Unicode>
                </TextEquiv>
            </TextLine>
            <TextLine id="r1l46" custom="readingOrder {index:45;}">
                <Coords points="1221,4180 1450,4224 1475,4202 1764,4186 1895,4213 1937,4199 1936,4082 1816,4055 1767,4087 1714,4070 1630,4102 1492,4079 1418,4111 1294,4105 1221,4144"/>
                <Baseline points="1238,4179 1272,4179 1306,4179 1340,4179 1374,4179 1408,4179 1442,4179 1476,4179 1510,4179 1544,4178 1578,4178 1612,4178 1646,4178 1680,4176 1714,4176 1748,4176 1782,4176 1816,4175 1850,4175 1884,4175 1919,4175"/>
                <TextEquiv>
                    <Unicode>van Nr. India.</Unicode>
                </TextEquiv>
            </TextLine>
            <TextLine id="r1l47" custom="readingOrder {index:46;}">
                <Coords points="650,4382 2033,4337 2344,4393 2513,4352 2512,4232 1496,4276 1209,4185 649,4269"/>
                <Baseline points="666,4341 757,4340 848,4338 940,4337 1031,4337 1123,4335 1214,4335 1306,4334 1397,4334 1489,4334 1580,4332 1671,4332 1763,4331 1854,4329 1946,4328 2037,4326 2129,4325 2220,4323 2312,4320 2403,4317 2495,4314"/>
                <TextEquiv>
                    <Unicode>Aengesien bij het schriftelijck rapport vanden gewesene</Unicode>
                </TextEquiv>
            </TextLine>
            <TextLine id="r1l48" custom="readingOrder {index:47;}">
                <Coords points="2709,4395 2744,4403 2762,4420 2779,4413 2800,4421 2814,4421 2832,4403 2913,4400 2914,4291 2893,4291 2833,4322 2822,4318 2787,4353 2766,4339 2709,4353"/>
                <Baseline points="2726,4386 2754,4388 2783,4389 2811,4389 2840,4388 2868,4388 2897,4389"/>
                <TextEquiv>
                    <Unicode>raadt</Unicode>
                </TextEquiv>
            </TextLine>
            <TextEquiv>
                <Unicode>88.
188
Jongst erlangde suratse brieven de dato 19:e April passado:
aen ois heeft versoght, en oversulx; met een ander getrouw
Capabel, minister werden vervangen, die met eenen dan
oock het suspecte gedoente, van sonnmige ministers
aldaer volgens 't rappert vande H. Doeger, en
andere gerughten, eens nauw keurigh kan ondersoecken
1
oo is nadeliberatie, en op zijn vrijwillige aenbieding e
d E:. Wnno Dant verstaen, den E: Daniel parve althans visitateur
het Commissars, en
Generael, der Indische negotie boecken (ende van Wiens
Ooch direiteur van
Souratta geeligeert
Capaciteijt, en goede bequaemheden wij preuven zijn
in plaets van d' Her
Abbema
hebbende) te Eligeren ofte te verkiesen, tot Commissaris
over de directie, en Comp: generael gedoente jn Suratta
is
Ende om met eenen na het vorigh exempel van d’ H:r ord:
raadt Willem Voeger, den Heer bijbrand Abbema
als, Directeur te vervangen, transport over tenemen
ende voorts met eenen die directie te blijven bekleden
Oergeleven geschift den advocaet fiscael van Jndia, M:r Snalter Zeeman
Vaar den fiscule Loman
heeft op ons geresolveerde vanden 23:e des voorleden
tot Opbutbiedinge
maents, althans doen jndienen een geschrift, daer bij
van d' E. Oosterwijck
en bacherus uijt
voorstellende, dat dE: Albertus van Oosterwyck, en
Pouratta

Joannes Dacherus, beijde uijt Souratta, mogen werden
herwaerts opgeroepen, omme haer tegens het gerapporteerde
van de Hr. Out Commissaris Willem Dolger, jn dato
pro Junij des voorleden Jaers aende hoogeregeringe
alhier, wegen de morsserijen &amp;:o bevorens jn suratta
gepleeght, voor den agstbaren raadt van Iustitie
dekes Casteels, te verantwoorden, gelijck uijt het selve
request schrift hier onder nader kan werden gelesen
Aen den Hoogh Ed:s Heer Rijckloff van Goens
Gouvern:r gener:s en d’ Ed:e Heeren Raaden
van Nr. India.
Aengesien bij het schriftelijck rapport vanden gewesene
raadt</Unicode>
            </TextEquiv>
        </TextRegion>
        <TextRegion orientation="0.0" id="r2" custom="readingOrder {index:1;}">
            <Coords points="2889,2122 2889,2275 2922,2275 2922,2122"/>
            <TextLine id="r2l1" custom="readingOrder {index:0;}">
                <Coords points="2870,2245 2887,2247 2891,2243 2897,2251 2913,2238 2937,2241 2943,2185 2925,2183 2917,2189 2910,2189 2907,2185 2903,2188 2875,2185"/>
                <Baseline points="2889,2222 2922,2225"/>
                <TextEquiv>
                    <Unicode>—</Unicode>
                </TextEquiv>
            </TextLine>
            <TextEquiv>
                <Unicode>—</Unicode>
            </TextEquiv>
        </TextRegion>
        <TextRegion orientation="0.0" id="r3" custom="readingOrder {index:2;}">
            <Coords points="2913,820 2913,973 2961,973 2961,820"/>
            <TextLine id="r3l1" custom="readingOrder {index:0;}">
                <Coords points="2893,961 2929,960 2947,947 2957,955 2975,956 2987,773 2959,771 2948,781 2934,776 2905,778"/>
                <Baseline points="2913,920 2961,923"/>
                <TextEquiv>
                    <Unicode>5</Unicode>
                </TextEquiv>
            </TextLine>
            <TextEquiv>
                <Unicode>5</Unicode>
            </TextEquiv>
        </TextRegion>
        <TextRegion orientation="0.0" id="r4" custom="readingOrder {index:3;}">
            <Coords points="2943,1078 2943,1231 2973,1231 2973,1078"/>
            <TextLine id="r4l1" custom="readingOrder {index:0;}">
                <Coords points="2919,1232 2936,1234 2942,1242 2956,1247 2967,1241 2985,1243 2995,1144 2953,1140 2947,1132 2929,1130"/>
                <Baseline points="2943,1178 2973,1181"/>
                <TextEquiv>
                    <Unicode></Unicode>
                </TextEquiv>
            </TextLine>
            <TextEquiv>
                <Unicode></Unicode>
            </TextEquiv>
        </TextRegion>
    </Page>
</PcGts>
