3011 4586
107 512 1711 717 Een Boek houder tot Winckebier
94 707 1356 897 sentwiijtigh aesis Pilendes
138 843 876 1000 8. op de becretarije
135 931 1264 1129 4. op het Nlegotie Comic
143 1074 1034 1190 8. op t soldij omtoir
180 1096 2435 1349 1. b: dan de penvier met delin adminis tatea: Jandwogs hin
112 1285 2324 1508 4. â 8. boven't gedal aen de sonden voor de brocken, en bnme
404 1416 1738 1612 bequame borsten uijt aente queessen
101 1526 2134 1724 en Coopman en hoofd van ’t soedij Comtor die oock
485 1679 1446 1845 donael moet houden
99 1791 1369 1963 ahee boekhouders tot overdragers
284 1869 2211 2109 opperstierman, of stierm. tot Eqipagie neester
464 2034 1780 2171 met onder Coopmans daccement
94 2133 2216 2356 E Constaelniavoor met hiendenands tractement
60 2307 1005 2442 dier Constapelsmaete
97 2377 1417 2599 hondert bosschieters, en laspoosen
111 2501 2358 2726 twee Capiteijnen, als en die ttl olembo desoadtente as teel
473 2628 2367 2837 en eene die als dessave bunden nevele ommandeere
131 2720 1287 2947 Een luijtenand int Cas teel
109 2897 1312 3085 Een luijtenant Jndes hadt
115 3026 1084 3187 twee endrighs adjon
485 3079 2400 3325 dogh over de militie Jntvelt na de gelegentreijt des tijts
503 3258 2326 3395 doghsodanigh dat over een Comp. van 120 Coppen
498 3343 2453 3552 een buijs: een vaendrigh, en 4. bergeanden gvenden groekene
2318 3506 2898 3695 Jam op Negoinle
480 3565 1123 3796 G: Ne gotber
122 3663 768 3890 Een buijtenalt
130 3849 795 3998 een Boekhouder
121 3920 2409 4114 ftem 10. bosschieters, en 50. l 60. boldates, soe dat daer ook eln
432 4040 2384 4224 termanene pradikant of siekentrooster sal vlodigh Wesen
2070 4216 2266 4358 Op
2720 3 2943 134 325.
2678 171 2944 369 325
