3008 4522
81 3777 214 3899 „ —
2583 114 2852 329 1
199 178 416 384 48
1062 182 1552 494 Coter
-1 419 2536 599 20: d„o en engueste daerop en om de Hoeden fiielder op te nemen west
2472 476 2933 655 No: 398.
567 553 2108 695 d’ E Commissaris Parte andermael aenbevolen
267 617 2862 778 Innen diste lackenen, en barusteen uijt souratte te tugge Herwaerts te doe co„ —
272 728 2662 868 den Coopman Adriaen Bijck sal voor een sprongsoghjie offwel voor een tijt
614 829 1921 970 tot Amadabath mogen werden gebruijckt.
2622 877 2925 1014 „ _
335 913 1810 1090 Belangende de saeken, op Cormandel.
320 950 2910 1176 is ders Iaen de serdre Inkoop van tijs tot nader ordre aldaer te doen /zaeken . . „ 399.
319 1092 2564 1317 de weder genome tesidentie tot Piinclepatnam en t beslegten der geschillen
2591 1206 2740 1309 „
613 1233 1978 1380 met dien serleskeer geapprobeert - - - - . - -
2613 1303 2752 1415 „ —
330 1250 2515 1463 omtrent de mooren van onse kant geen omedelijckhijt te gebruijckigaog
341 1398 2918 1559 naer hun gewelden, die te Hoogh loopen, egter tegen te gaen, dogh soonder fegtelijkhijn„ —
322 1533 2882 1686 om datmen daer door dickwils de meeste bedelijckheijt van haer heeft de verwagten „ —
316 1631 2182 1786 E affkonst des Lonnx van Bolconda tot Mas:lipatnam
320 1765 2480 1901 teoders saen om destadt Paliaentta voor 8. â 9000:. pag:s voor de Comp:s in
2620 1801 2882 1960 „—
582 1847 1733 1980 Eijgenda, te becomen - - - - - - - -
2620 1965 2881 2074 „ —
308 1938 2583 2143 tE toi naglertance om de weijnigh mittigheijt ten mevendele Jnte trecken
2620 2032 2885 2184 „ —
339 2037 2386 2190 off we geheel o tebreeken - - - - - - - - - - - - - - - - - - - - - - . .
328 2179 2591 2296 geen andre als dienstige in Winstgesendekleeden op Coomandel jn de kop
2573 2198 2952 2392 960
303 2262 2429 2386 de Coopmans: die andre oock aenbrengen marets Janck aff testaen .
334 2404 1909 2552 maar de specerjen doorgaens op prijs te houden ..
315 2482 2572 2647 Van Nlagapatnam Portonooo, off Elders op Cormandel voortaen, geen gassen
629 2596 2383 2706 aende mooren naaetchin Malacca, en die quartieren te geven
2594 2669 2733 2839 „
354 2676 2391 2833 dan alleen bij nootsaeke op ’t versoek des Coninx, off eenige grooten
386 2794 2442 2951 en dat na porsia Mocha, off plaetzen die de Comp: minst prejndiceren
367 2911 2432 3088 dogh niemant van d:e Gouv:r op Cormandel en Ceijlon sullen passen
2620 2945 2811 3125 „ —
688 3028 1250 3156 Mogen geben . ..
315 3059 2466 3293 vermijdende egter daeromtrent eenge chijrpeze kunden afodenen van
707 3225 1226 3371 offentie te geven
381 3290 2561 3485 tot daomen met de alzoente ordre, en Intentie der Heeren maijoies over de
2666 3333 2914 3559 40:
2605 3357 2693 3524 „
691 3426 1524 3589 passen sal wesen gedient
390 3518 2537 3676 te meer die van Cormandel vermeenen, dat bij Neijgeringe onser passen
696 3669 2380 3774 hun deselve door de engels genoegh sullen werden persee
402 3733 2620 3901 om alle geschillen tusschen die van Nagapatnam en Cornnandel nden
664 3847 1489 3998 Handel voor te Comen.
406 3924 2576 4103 76. verstaen dat de tesidentie op Portonoso soo ser nodigh zij voortaen onder
666 4063 1460 4209 Cor handel sal borteren
383 4081 2549 4299 s niettemin daer, en overal op Cormandel den vrtier des hijlalen
2198 4284 2376 4358 ..
705 4261 1926 4416 arretex met emst moeten Voortgeset werden
2629 4017 2719 4176 „
2627 4209 2724 4346 „.
