<?xml version="1.0" encoding="UTF-8" standalone="yes"?>
<PcGts xmlns="http://schema.primaresearch.org/PAGE/gts/pagecontent/2013-07-15" xmlns:xsi="http://www.w3.org/2001/XMLSchema-instance" xsi:schemaLocation="http://schema.primaresearch.org/PAGE/gts/pagecontent/2013-07-15 http://schema.primaresearch.org/PAGE/gts/pagecontent/2013-07-15/pagecontent.xsd">
    <Metadata>
        <Creator>prov=University of Rostock/Institute of Mathematics/CITlab|PLANET AI GmbH/Gundram Leifert/gundram.leifert@planet-ai.de:name=Dutch Mountains (18th Century)(htr_id=21683)::::v=2.6.6
prov=University of Rostock/Institute of Mathematics/CITlab|PLANET AI GmbH/Tobias Gruening/tobias.gruening@planet-ai.de:name=de.uros.citlab.module.baseline2polygon.B2PSeamMultiOriented:v=2.6.6
prov=University of Rostock/Institute of Mathematics/CITlab|PLANET AI GmbH/Tobias Gruening/tobias.gruening@planet-ai.de:name=/net_tf/LA73_249_0mod360.pb:de.uros.citlab.segmentation.CITlab_LA_ML:v=2.6.6
Transkribus</Creator>
        <Created>2020-09-07T17:37:27.714+07:00</Created>
        <LastChange>2020-09-07T17:25:02.701+02:00</LastChange>
        <TranskribusMetadata docId="471980" pageId="19528726" pageNr="494" tsid="39453879" status="IN_PROGRESS" userId="15017" imgUrl="https://files.transkribus.eu/Get?id=HQVHIJGAVVMKFPIDCOFBYMOD&amp;fileType=view" xmlUrl="https://files.transkribus.eu/Get?id=ZZFYUIMUSOJMBZIMVLPERBPJ" imageId="15088563"/>
    </Metadata>
    <Page imageFilename="ID-ANRI_K66a_890_494.jpg" imageWidth="3159" imageHeight="4692">
        <ReadingOrder>
            <OrderedGroup id="ro_1620456168064" caption="Regions reading order">
                <RegionRefIndexed index="0" regionRef="r1"/>
            </OrderedGroup>
        </ReadingOrder>
        <TextRegion orientation="0.0" id="r1" custom="readingOrder {index:0;}">
            <Coords points="8,117 8,4666 2961,4666 2961,117"/>
            <TextLine id="r1l1" custom="readingOrder {index:0;}">
                <Coords points="74,245 106,251 161,205 182,207 209,181 245,175 295,183 287,34 258,29 227,55 195,43 174,62 106,44 82,67 64,68"/>
                <Baseline points="86,171 113,173 140,171 167,170 194,167 221,165 248,164 275,165"/>
                <TextEquiv>
                    <Unicode>494</Unicode>
                </TextEquiv>
            </TextLine>
            <TextLine id="r1l2" custom="readingOrder {index:1;}">
                <Coords points="2582,293 2602,297 2619,323 2631,318 2668,362 2698,358 2726,367 2758,218 2733,213 2712,193 2696,201 2690,192 2678,197 2649,165 2610,161"/>
                <Baseline points="2604,278 2633,279 2662,287 2691,295 2721,299"/>
                <TextEquiv>
                    <Unicode></Unicode>
                </TextEquiv>
            </TextLine>
            <TextLine id="r1l3" custom="readingOrder {index:2;}">
                <Coords points="98,364 141,377 169,355 209,382 241,371 277,398 387,399 383,250 344,247 312,220 294,227 265,207 230,225 201,219 142,256 116,235 95,236"/>
                <Baseline points="114,335 139,335 164,335 189,334 214,333 240,332 265,332 290,331 315,330 340,330 366,330"/>
                <TextEquiv>
                    <Unicode>494.</Unicode>
                </TextEquiv>
            </TextLine>
            <TextLine id="r1l4" custom="readingOrder {index:3;}">
                <Coords points="772,678 825,677 860,640 911,685 1063,679 1059,451 988,467 883,391 833,385 808,367 765,372"/>
                <Baseline points="789,626 814,626 840,626 866,624 891,623 917,622 943,620 968,620 994,620 1020,622 1046,626"/>
                <TextEquiv>
                    <Unicode></Unicode>
                </TextEquiv>
            </TextLine>
            <TextLine id="r1l5" custom="readingOrder {index:4;}">
                <Coords points="1516,688 1534,689 1563,660 1651,700 1694,683 1755,701 1819,655 1854,677 1879,674 1880,546 1809,545 1739,480 1696,498 1668,476 1518,496"/>
                <Baseline points="1535,632 1560,631 1585,631 1610,630 1635,629 1660,629 1685,630 1711,632 1736,633 1761,633 1786,635 1811,633 1836,632 1862,629"/>
                <TextEquiv>
                    <Unicode> o</Unicode>
                </TextEquiv>
            </TextLine>
            <TextLine id="r1l6" custom="readingOrder {index:5;}">
                <Coords points="557,759 2765,802 2766,667 557,662"/>
                <Baseline points="575,741 683,741 792,741 900,741 1009,741 1118,741 1226,743 1335,743 1444,743 1552,743 1661,744 1770,744 1878,744 1987,744 2096,746 2204,746 2313,744 2422,744 2530,744 2639,743 2748,743"/>
                <TextEquiv>
                    <Unicode>dan de sware bberen kan de passeomen tn mer na</Unicode>
                </TextEquiv>
            </TextLine>
            <TextLine id="r1l7" custom="readingOrder {index:6;}">
                <Coords points="34,865 2911,904 2898,754 35,761"/>
                <Baseline points="51,842 193,842 335,843 477,845 619,846 762,848 904,849 1046,851 1188,852 1330,854 1473,856 1615,858 1757,860 1899,861 2041,863 2184,864 2326,864 2468,866 2610,866 2752,866 2895,864"/>
                <TextEquiv>
                    <Unicode>En datnen litada daar van overgekome schriftumen met andors teefm</Unicode>
                </TextEquiv>
            </TextLine>
            <TextLine id="r1l8" custom="readingOrder {index:7;}">
                <Coords points="33,925 104,911 207,947 235,918 403,915 570,937 570,855 513,841 410,865 332,847 285,872 243,847 200,868 150,854 122,868 86,847 33,864"/>
                <Baseline points="51,905 76,906 101,906 126,908 151,908 176,908 201,908 226,909 251,909 276,909 301,909 326,909 351,909 376,909 401,909 426,908 451,908 476,908 501,908 526,908 552,908"/>
                <TextEquiv>
                    <Unicode>Aan oordeelen, off die</Unicode>
                </TextEquiv>
            </TextLine>
            <TextLine id="r1l9" custom="readingOrder {index:8;}">
                <Coords points="570,972 2938,1047 2939,912 2868,904 571,904"/>
                <Baseline points="588,966 704,966 821,966 938,966 1054,968 1171,968 1288,969 1404,971 1521,972 1638,974 1755,975 1871,977 1988,978 2105,980 2221,982 2338,984 2455,987 2571,989 2688,992 2805,995 2922,998"/>
                <TextEquiv>
                    <Unicode>oorderlen, ofe verstaen, als dat dien loden voor sijn aprijlen</Unicode>
                </TextEquiv>
            </TextLine>
            <TextLine id="r1l10" custom="readingOrder {index:9;}">
                <Coords points="36,993 257,981 324,1013 406,986 477,986 495,1004 549,991 549,930 506,940 404,914 346,928 279,913 236,916 208,945 161,944 105,911 37,921"/>
                <Baseline points="56,975 81,977 106,977 131,978 156,978 181,978 206,978 231,978 256,978 281,978 306,977 331,977 356,977 381,978 406,978 431,978 456,980 481,981 506,983 531,986"/>
                <TextEquiv>
                    <Unicode>dan is bij de Comp:</Unicode>
                </TextEquiv>
            </TextLine>
            <TextLine id="r1l11" custom="readingOrder {index:10;}">
                <Coords points="19,1095 125,1125 204,1086 413,1108 467,1059 552,1063 553,985 499,1006 410,984 321,1015 261,983 119,986 94,1003 19,985"/>
                <Baseline points="38,1049 64,1049 90,1049 116,1049 142,1049 168,1049 194,1049 220,1049 246,1049 272,1050 299,1050 325,1051 351,1052 377,1052 403,1052 429,1052 455,1052 481,1050 507,1050 534,1049"/>
                <TextEquiv>
                    <Unicode>en Eijgindom overgeman</Unicode>
                </TextEquiv>
            </TextLine>
            <TextLine id="r1l12" custom="readingOrder {index:11;}">
                <Coords points="580,1128 2977,1154 2939,1032 1520,1043 1304,948 1139,1042 581,1010"/>
                <Baseline points="599,1091 717,1089 835,1088 953,1088 1071,1088 1189,1088 1307,1088 1425,1088 1543,1089 1661,1091 1780,1092 1898,1094 2016,1095 2134,1098 2252,1100 2370,1103 2488,1106 2606,1109 2724,1112 2842,1115 2961,1118"/>
                <TextEquiv>
                    <Unicode>uijt het paria bij de Comp: in eygendom is aen en boergenomen,;</Unicode>
                </TextEquiv>
            </TextLine>
            <TextLine id="r1l13" custom="readingOrder {index:12;}">
                <Coords points="615,1273 1778,1212 2105,1293 2230,1212 2642,1306 2856,1229 2778,1154 1949,1178 1640,1087 1444,1171 1327,1089 982,1186 616,1127"/>
                <Baseline points="633,1229 743,1226 853,1223 963,1221 1074,1220 1184,1218 1294,1218 1404,1218 1515,1218 1625,1220 1735,1220 1845,1221 1956,1223 2066,1224 2176,1226 2286,1227 2397,1229 2507,1232 2617,1233 2727,1235 2838,1236"/>
                <TextEquiv>
                    <Unicode>ende om de pooraengedaelde tctoutschepen na ons bejse</Unicode>
                </TextEquiv>
            </TextLine>
            <TextLine id="r1l14" custom="readingOrder {index:13;}">
                <Coords points="696,1389 1192,1314 1653,1377 2159,1330 2385,1422 2507,1363 2933,1429 2935,1259 2854,1226 2650,1305 2228,1210 2007,1296 1926,1220 1786,1290 1684,1228 961,1290 699,1226"/>
                <Baseline points="716,1337 831,1332 947,1329 1063,1328 1178,1326 1294,1326 1410,1326 1526,1328 1641,1329 1757,1332 1873,1334 1989,1337 2104,1340 2220,1343 2336,1346 2452,1347 2567,1350 2683,1352 2799,1353 2915,1353"/>
                <TextEquiv>
                    <Unicode>mogen, mits gedreck van genoudzame zalvt te ballasten</Unicode>
                </TextEquiv>
            </TextLine>
            <TextLine id="r1l15" custom="readingOrder {index:14;}">
                <Coords points="14,1458 2792,1446 2160,1332 15,1359"/>
                <Baseline points="33,1440 170,1440 307,1442 444,1442 581,1442 718,1442 855,1443 992,1443 1129,1445 1266,1445 1403,1446 1540,1448 1677,1449 1814,1452 1951,1454 2088,1457 2225,1461 2362,1464 2499,1469 2636,1473 2774,1479"/>
                <TextEquiv>
                    <Unicode>L den sumbar thij is gettgevonden, dadi toe de gedruijcken alle den voorzen</Unicode>
                </TextEquiv>
            </TextLine>
            <TextLine id="r1l16" custom="readingOrder {index:15;}">
                <Coords points="14,1533 53,1522 88,1540 120,1511 206,1511 277,1543 323,1518 547,1517 547,1468 494,1468 447,1432 405,1454 127,1444 14,1458"/>
                <Baseline points="32,1503 58,1503 84,1503 110,1503 136,1503 163,1505 189,1505 215,1505 241,1505 267,1505 294,1505 320,1505 346,1505 372,1505 398,1505 425,1504 451,1503 477,1502 503,1502 530,1499"/>
                <TextEquiv>
                    <Unicode>ballast na t Patar</Unicode>
                </TextEquiv>
            </TextLine>
            <TextLine id="r1l17" custom="readingOrder {index:16;}">
                <Coords points="579,1591 2918,1627 2967,1486 581,1452"/>
                <Baseline points="596,1559 713,1559 831,1560 948,1562 1066,1563 1183,1565 1301,1566 1418,1568 1536,1569 1653,1571 1771,1572 1888,1574 2006,1576 2123,1578 2241,1580 2358,1581 2476,1583 2593,1586 2711,1587 2828,1589 2946,1590"/>
                <TextEquiv>
                    <Unicode>bin, dougst p:r desleuse geiulaing ujd kam decomen, beseaan</Unicode>
                </TextEquiv>
            </TextLine>
            <TextLine id="r1l18" custom="readingOrder {index:17;}">
                <Coords points="295,1583 345,1583 345,1519 320,1519 317,1515 295,1515"/>
                <Baseline points="312,1574 327,1574"/>
                <TextEquiv>
                    <Unicode></Unicode>
                </TextEquiv>
            </TextLine>
            <TextLine id="r1l19" custom="readingOrder {index:18;}">
                <Coords points="10,1626 28,1625 46,1642 67,1628 103,1630 144,1586 273,1590 287,1579 315,1581 314,1542 278,1543 249,1523 210,1524 199,1513 185,1525 171,1514 114,1512 97,1531 64,1517 8,1533"/>
                <Baseline points="27,1578 54,1580 81,1581 108,1581 135,1580 162,1578 189,1577 216,1575 243,1575 270,1574 297,1575"/>
                <TextEquiv>
                    <Unicode>te senden</Unicode>
                </TextEquiv>
            </TextLine>
            <TextLine id="r1l20" custom="readingOrder {index:19;}">
                <Coords points="573,1699 2820,1740 2822,1604 2748,1582 575,1589"/>
                <Baseline points="590,1676 700,1677 811,1677 922,1679 1032,1680 1143,1682 1254,1683 1364,1686 1475,1688 1586,1689 1697,1692 1807,1694 1918,1697 2029,1698 2139,1700 2250,1703 2361,1704 2471,1706 2582,1706 2693,1707 2804,1707"/>
                <TextEquiv>
                    <Unicode>in 238038. lb„s benevens dak 3000. piedlb: ofte de Frlfs</Unicode>
                </TextEquiv>
            </TextLine>
            <TextLine id="r1l21" custom="readingOrder {index:20;}">
                <Coords points="220,1724 281,1714 331,1721 358,1738 384,1722 404,1738 441,1722 462,1735 498,1730 507,1599 366,1581 230,1586"/>
                <Baseline points="242,1689 268,1694 294,1697 321,1699 347,1701 374,1701 400,1703 427,1704 453,1707 480,1712"/>
                <TextEquiv>
                    <Unicode></Unicode>
                </TextEquiv>
            </TextLine>
            <TextLine id="r1l22" custom="readingOrder {index:21;}">
                <Coords points="12,1792 431,1761 489,1793 531,1775 588,1806 588,1714 516,1700 481,1729 399,1711 353,1733 271,1719 178,1642 118,1660 64,1635 11,1657"/>
                <Baseline points="29,1766 56,1766 83,1766 110,1766 137,1766 164,1766 191,1766 218,1766 245,1765 272,1764 299,1764 326,1764 353,1764 380,1763 407,1763 434,1763 461,1763 488,1763 515,1764 542,1764 569,1764"/>
                <TextEquiv>
                    <Unicode>en 3000. D=o japan</Unicode>
                </TextEquiv>
            </TextLine>
            <TextLine id="r1l23" custom="readingOrder {index:22;}">
                <Coords points="575,1830 2933,1889 2935,1768 2516,1715 805,1692 687,1754 578,1695"/>
                <Baseline points="593,1811 709,1808 825,1805 941,1803 1057,1803 1173,1803 1289,1803 1406,1805 1522,1806 1638,1808 1754,1811 1870,1814 1986,1817 2102,1820 2219,1823 2335,1826 2451,1829 2567,1832 2683,1833 2799,1836 2916,1838"/>
                <TextEquiv>
                    <Unicode>van apans staesoper. t descp:r de sleuijt Tronenurge</Unicode>
                </TextEquiv>
            </TextLine>
            <TextLine id="r1l24" custom="readingOrder {index:23;}">
                <Coords points="11,1843 43,1843 71,1869 118,1866 143,1841 193,1846 210,1864 253,1843 299,1862 335,1845 378,1852 445,1836 447,1761 397,1778 329,1773 304,1791 279,1772 211,1789 166,1771 101,1794 66,1776 12,1793"/>
                <Baseline points="30,1824 56,1829 82,1831 109,1833 135,1835 162,1836 188,1836 214,1837 241,1838 267,1838 294,1836 320,1836 346,1836 373,1836 399,1835 426,1835"/>
                <TextEquiv>
                    <Unicode>staafcoper, met</Unicode>
                </TextEquiv>
            </TextLine>
            <TextLine id="r1l25" custom="readingOrder {index:24;}">
                <Coords points="5,1924 2614,1987 2796,1958 2798,1848 6,1842"/>
                <Baseline points="24,1899 161,1905 299,1911 436,1916 574,1919 712,1922 849,1925 987,1926 1125,1929 1262,1931 1400,1931 1538,1932 1675,1934 1813,1935 1951,1937 2088,1938 2226,1941 2364,1944 2501,1947 2639,1951 2777,1956"/>
                <TextEquiv>
                    <Unicode>soenlingh engelhier aangedraget/ van nogd 9688z: bl: vocher zuijken</Unicode>
                </TextEquiv>
            </TextLine>
            <TextLine id="r1l26" custom="readingOrder {index:25;}">
                <Coords points="11,2063 96,2051 141,2018 245,2031 287,2012 316,2030 394,2007 462,2031 522,2023 550,2015 549,1937 461,1956 417,1914 350,1905 265,1959 197,1921 169,1939 8,1928"/>
                <Baseline points="27,2009 52,2010 77,2010 102,2010 128,2010 153,2010 178,2009 204,2009 229,2009 254,2007 280,2007 305,2007 330,2006 355,2006 381,2006 406,2004 431,2004 457,2004 482,2004 507,2004 533,2004"/>
                <TextEquiv>
                    <Unicode>en 96002. lb: Potijle</Unicode>
                </TextEquiv>
            </TextLine>
            <TextLine id="r1l27" custom="readingOrder {index:26;}">
                <Coords points="589,2077 2755,2111 2818,1941 2589,2003 1689,2002 1569,1926 591,1963"/>
                <Baseline points="608,2051 717,2049 827,2048 936,2048 1046,2048 1155,2048 1265,2048 1374,2049 1484,2049 1593,2051 1703,2053 1812,2055 1922,2057 2031,2059 2141,2061 2250,2063 2360,2066 2469,2067 2579,2070 2688,2072 2798,2073"/>
                <TextEquiv>
                    <Unicode>dn dietegenwoordigs bij de valkbuijden en voorteed beijk</Unicode>
                </TextEquiv>
            </TextLine>
            <TextLine id="r1l28" custom="readingOrder {index:27;}">
                <Coords points="9,2137 120,2085 169,2085 230,2132 308,2111 361,2144 397,2126 453,2155 486,2134 503,2145 571,2110 572,2024 479,2048 440,2013 319,2029 188,2014 95,2049 10,2049"/>
                <Baseline points="27,2078 53,2078 79,2079 106,2079 132,2079 159,2079 185,2079 211,2079 238,2078 264,2078 291,2078 317,2078 343,2078 370,2078 396,2078 423,2079 449,2079 475,2081 502,2082 528,2084 555,2087"/>
                <TextEquiv>
                    <Unicode>Tuijchet hur in voorral</Unicode>
                </TextEquiv>
            </TextLine>
            <TextLine id="r1l29" custom="readingOrder {index:28;}">
                <Coords points="583,2187 2773,2233 2818,2070 584,2077"/>
                <Baseline points="602,2162 711,2162 821,2162 931,2162 1041,2162 1151,2163 1260,2163 1370,2165 1480,2165 1590,2166 1700,2166 1809,2168 1919,2169 2029,2171 2139,2172 2249,2175 2358,2177 2468,2180 2578,2182 2688,2185 2798,2189"/>
                <TextEquiv>
                    <Unicode>danwomen dan voorts  berserende georek me d: sis</Unicode>
                </TextEquiv>
            </TextLine>
            <TextLine id="r1l30" custom="readingOrder {index:29;}">
                <Coords points="0,2230 89,2238 124,2210 316,2251 416,2213 547,2243 590,2226 592,2094 474,2157 396,2124 353,2145 303,2112 232,2133 169,2086 119,2085 1,2141"/>
                <Baseline points="18,2208 45,2208 73,2208 101,2208 129,2209 156,2210 184,2210 212,2210 240,2210 267,2211 295,2211 323,2211 351,2211 378,2212 406,2213 434,2213 462,2213 489,2213 517,2213 545,2213 573,2214"/>
                <TextEquiv>
                    <Unicode>neven td= srisen s „</Unicode>
                </TextEquiv>
            </TextLine>
            <TextLine id="r1l31" custom="readingOrder {index:30;}">
                <Coords points="13,2308 2833,2351 2834,2205 13,2230"/>
                <Baseline points="32,2277 171,2279 310,2280 449,2280 589,2280 728,2282 867,2282 1006,2282 1146,2282 1285,2282 1424,2282 1563,2282 1703,2283 1842,2283 1981,2285 2120,2285 2260,2288 2399,2289 2538,2291 2677,2295 2817,2298"/>
                <TextEquiv>
                    <Unicode>Tm parlij onbequaen ijden, en 33: duicken aeleen en s0el ons quaem metael nees</Unicode>
                </TextEquiv>
            </TextLine>
            <TextLine id="r1l32" custom="readingOrder {index:31;}">
                <Coords points="11,2351 68,2368 100,2350 168,2374 228,2355 257,2379 395,2353 424,2370 491,2351 537,2361 536,2280 472,2277 426,2317 216,2287 174,2309 149,2292 110,2307 81,2282 10,2308"/>
                <Baseline points="29,2351 54,2349 80,2349 106,2349 131,2349 157,2349 183,2350 209,2351 234,2351 260,2352 286,2352 312,2352 337,2352 363,2351 389,2351 415,2348 440,2346 466,2343 492,2340 518,2336"/>
                <TextEquiv>
                    <Unicode>Pitaalkansn, en</Unicode>
                </TextEquiv>
            </TextLine>
            <TextLine id="r1l33" custom="readingOrder {index:32;}">
                <Coords points="545,2424 2889,2447 2889,2372 2737,2317 546,2314"/>
                <Baseline points="564,2400 679,2402 794,2402 909,2403 1025,2403 1140,2403 1255,2403 1371,2403 1486,2403 1601,2403 1717,2405 1832,2405 1947,2406 2062,2406 2178,2409 2293,2411 2408,2414 2524,2417 2639,2421 2754,2426 2870,2430"/>
                <TextEquiv>
                    <Unicode>wegende dintade bonnen 10200: lb: vtijden noga 1914: suix</Unicode>
                </TextEquiv>
            </TextLine>
            <TextLine id="r1l34" custom="readingOrder {index:33;}">
                <Coords points="468,2423 500,2418 508,2424 568,2419 560,2363 542,2365 533,2377 526,2375 517,2387 498,2379 462,2384"/>
                <Baseline points="485,2417 517,2413 549,2408"/>
                <TextEquiv>
                    <Unicode>1—</Unicode>
                </TextEquiv>
            </TextLine>
            <TextLine id="r1l35" custom="readingOrder {index:34;}">
                <Coords points="5,2489 58,2479 83,2497 143,2497 272,2423 325,2452 382,2430 428,2459 481,2441 482,2367 347,2356 290,2384 229,2355 165,2373 98,2348 30,2383 5,2376"/>
                <Baseline points="21,2421 47,2420 73,2418 99,2418 125,2417 151,2417 177,2417 203,2417 229,2417 255,2418 281,2418 307,2418 333,2418 359,2420 385,2420 411,2420 437,2420 464,2420"/>
                <TextEquiv>
                    <Unicode>ondieustigh scherp</Unicode>
                </TextEquiv>
            </TextLine>
            <TextLine id="r1l36" custom="readingOrder {index:35;}">
                <Coords points="536,2533 2816,2559 2817,2491 2540,2430 2425,2489 538,2440"/>
                <Baseline points="555,2517 667,2520 779,2523 891,2525 1003,2526 1116,2528 1228,2529 1340,2529 1452,2531 1564,2531 1677,2532 1789,2532 1901,2534 2013,2535 2125,2537 2238,2538 2350,2541 2462,2545 2574,2549 2686,2555 2799,2561"/>
                <TextEquiv>
                    <Unicode>heeings cogels en 1249 chip Pondschan ooist zijn de</Unicode>
                </TextEquiv>
            </TextLine>
            <TextLine id="r1l37" custom="readingOrder {index:36;}">
                <Coords points="531,2668 2721,2717 2723,2589 1842,2526 1599,2601 1262,2525 533,2568"/>
                <Baseline points="549,2645 656,2645 764,2646 872,2648 979,2648 1087,2649 1195,2651 1302,2652 1410,2654 1518,2655 1626,2657 1733,2660 1841,2661 1949,2663 2056,2664 2164,2666 2272,2667 2379,2669 2487,2670 2595,2672 2703,2673"/>
                <TextEquiv>
                    <Unicode>missen, en te genijk hdier jnsland alsoat mete seer</Unicode>
                </TextEquiv>
            </TextLine>
            <TextLine id="r1l38" custom="readingOrder {index:37;}">
                <Coords points="535,2788 734,2843 990,2786 1502,2799 1733,2866 2001,2759 2002,2681 1841,2740 1681,2699 1556,2743 1465,2689 1372,2727 536,2699"/>
                <Baseline points="552,2771 623,2772 695,2772 766,2774 838,2775 909,2777 981,2778 1052,2781 1124,2783 1195,2784 1267,2786 1339,2787 1410,2789 1482,2789 1553,2790 1625,2790 1696,2789 1768,2787 1839,2786 1911,2783 1983,2780"/>
                <TextEquiv>
                    <Unicode>nodigh geagte werden; sal buipeeren</Unicode>
                </TextEquiv>
            </TextLine>
            <TextLine id="r1l39" custom="readingOrder {index:38;}">
                <Coords points="530,2957 2635,2991 2637,2799 2202,2884 1922,2792 1672,2893 1552,2814 794,2878 532,2790"/>
                <Baseline points="548,2936 651,2936 755,2937 858,2937 962,2939 1065,2939 1169,2940 1272,2940 1376,2940 1479,2942 1583,2942 1687,2943 1790,2944 1894,2945 1997,2946 2101,2948 2204,2949 2308,2951 2411,2953 2515,2955 2619,2958"/>
                <TextEquiv>
                    <Unicode>mmewat ongonnare te gcobere van dgedoenge den</Unicode>
                </TextEquiv>
            </TextLine>
            <TextLine id="r1l40" custom="readingOrder {index:39;}">
                <Coords points="2,3058 109,3087 169,3048 255,3080 283,3051 319,3076 351,3047 436,3040 532,3094 532,2973 333,2976 272,2927 187,2920 144,2891 77,2937 2,2920"/>
                <Baseline points="21,3033 46,3037 72,3041 98,3043 124,3045 150,3046 176,3047 202,3047 228,3047 254,3046 279,3045 305,3045 331,3043 357,3042 383,3042 409,3041 435,3041 461,3041 487,3041 513,3042"/>
                <TextEquiv>
                    <Unicode>Hujgh botij weder na</Unicode>
                </TextEquiv>
            </TextLine>
            <TextLine id="r1l41" custom="readingOrder {index:40;}">
                <Coords points="554,3087 2648,3124 2720,2986 555,2959"/>
                <Baseline points="572,3062 678,3062 785,3062 891,3063 998,3063 1104,3063 1211,3063 1317,3063 1424,3065 1530,3065 1637,3066 1743,3066 1850,3068 1956,3069 2063,3069 2169,3071 2276,3072 2382,3074 2489,3075 2595,3075 2702,3078"/>
                <TextEquiv>
                    <Unicode>Bantammers, en desegenwoortgen does Can</Unicode>
                </TextEquiv>
            </TextLine>
            <TextLine id="r1l42" custom="readingOrder {index:41;}">
                <Coords points="4,3117 83,3143 161,3115 222,3142 431,3104 452,3121 502,3116 500,3041 354,3046 319,3075 276,3055 252,3081 176,3047 134,3077 80,3054 56,3072 2,3060"/>
                <Baseline points="23,3113 48,3114 74,3116 100,3116 125,3116 151,3116 177,3116 202,3115 228,3114 254,3113 279,3112 305,3110 331,3109 356,3108 382,3107 408,3105 433,3105 459,3104 485,3104"/>
                <TextEquiv>
                    <Unicode>bantrm te senden</Unicode>
                </TextEquiv>
            </TextLine>
            <TextLine id="r1l43" custom="readingOrder {index:42;}">
                <Coords points="-8,3205 177,3173 223,3197 266,3179 387,3191 418,3173 547,3174 546,3125 489,3111 407,3105 315,3139 237,3140 169,3116 84,3136 -9,3105"/>
                <Baseline points="8,3177 34,3177 60,3177 86,3176 112,3176 138,3176 164,3175 190,3174 216,3174 242,3174 269,3173 295,3173 321,3172 347,3171 373,3171 399,3171 425,3170 451,3170 477,3170 503,3170 530,3170"/>
                <TextEquiv>
                    <Unicode>dn Informatie Vande</Unicode>
                </TextEquiv>
            </TextLine>
            <TextLine id="r1l44" custom="readingOrder {index:43;}">
                <Coords points="544,3191 2581,3267 2738,3221 2738,3100 1437,3140 1113,3061 544,3134"/>
                <Baseline points="563,3191 670,3191 778,3189 886,3189 994,3188 1102,3188 1210,3188 1317,3188 1425,3188 1533,3188 1641,3188 1749,3189 1857,3189 1965,3189 2072,3191 2180,3191 2288,3192 2396,3192 2504,3194 2612,3194 2720,3195"/>
                <TextEquiv>
                    <Unicode>aen dat hoff, de verstaen den volok huijgeboij wederom</Unicode>
                </TextEquiv>
            </TextLine>
            <TextLine id="r1l45" custom="readingOrder {index:44;}">
                <Coords points="-2,3293 116,3248 219,3263 286,3296 414,3289 496,3319 497,3169 351,3200 319,3178 219,3192 106,3162 77,3191 -1,3190"/>
                <Baseline points="15,3237 40,3237 66,3237 92,3237 117,3237 143,3237 169,3237 194,3237 220,3237 246,3237 271,3237 297,3237 323,3237 348,3238 374,3239 400,3239 425,3240 451,3241 477,3242"/>
                <TextEquiv>
                    <Unicode>toestant aen dat hoff</Unicode>
                </TextEquiv>
            </TextLine>
            <TextLine id="r1l46" custom="readingOrder {index:45;}">
                <Coords points="530,3336 2856,3367 2760,3207 2582,3267 530,3244"/>
                <Baseline points="548,3312 662,3313 777,3314 891,3314 1006,3314 1121,3314 1235,3312 1350,3311 1464,3311 1579,3309 1694,3309 1808,3308 1923,3308 2037,3308 2152,3308 2267,3309 2381,3311 2496,3313 2610,3317 2725,3320 2840,3326"/>
                <TextEquiv>
                    <Unicode>eens derwaerts te laasen gaen ueeeen advisbicsje aenensen</Unicode>
                </TextEquiv>
            </TextLine>
            <TextLine id="r1l47" custom="readingOrder {index:46;}">
                <Coords points="5,3489 2833,3504 2831,3369 2689,3356 1312,3306 4,3400"/>
                <Baseline points="23,3473 162,3467 302,3461 441,3456 581,3452 720,3449 860,3446 999,3443 1139,3440 1278,3438 1418,3438 1558,3437 1697,3437 1837,3437 1976,3437 2116,3437 2255,3437 2395,3438 2534,3440 2674,3441 2814,3441"/>
                <TextEquiv>
                    <Unicode>Laetje tuweon bann atebidene wilerme aeff i enorndr tot opkon van partij van</Unicode>
                </TextEquiv>
            </TextLine>
            <TextLine id="r1l48" custom="readingOrder {index:47;}">
                <Coords points="8,3556 125,3562 246,3539 328,3567 356,3541 420,3534 463,3569 520,3575 519,3475 476,3465 423,3491 373,3467 342,3492 313,3467 267,3489 224,3472 171,3505 89,3477 7,3489"/>
                <Baseline points="24,3537 49,3536 74,3536 99,3535 124,3534 149,3534 174,3534 199,3534 224,3534 249,3534 275,3534 300,3534 325,3534 350,3534 375,3533 400,3533 425,3531 450,3531 475,3529 501,3528"/>
                <TextEquiv>
                    <Unicode>tdoen Inkoopen, soo</Unicode>
                </TextEquiv>
            </TextLine>
            <TextLine id="r1l49" custom="readingOrder {index:48;}">
                <Coords points="519,3593 2678,3585 2677,3510 2386,3469 519,3508"/>
                <Baseline points="537,3566 643,3566 749,3566 855,3566 961,3566 1067,3566 1173,3566 1280,3564 1386,3564 1492,3563 1598,3563 1704,3561 1810,3561 1916,3561 2023,3560 2129,3560 2235,3560 2341,3560 2447,3560 2553,3560 2660,3561"/>
                <TextEquiv>
                    <Unicode>soode daer was te becomen, nadien men om dagaen</Unicode>
                </TextEquiv>
            </TextLine>
            <TextLine id="r1l50" custom="readingOrder {index:49;}">
                <Coords points="-4,3624 156,3633 178,3654 206,3639 274,3674 480,3646 478,3543 411,3533 336,3559 247,3539 -5,3553"/>
                <Baseline points="12,3606 38,3605 64,3603 91,3603 117,3602 144,3602 170,3602 196,3602 223,3602 249,3602 276,3602 302,3600 328,3600 355,3600 381,3600 408,3599 434,3598 461,3596"/>
                <TextEquiv>
                    <Unicode>hit te becomen zij</Unicode>
                </TextEquiv>
            </TextLine>
            <TextLine id="r1l51" custom="readingOrder {index:50;}">
                <Coords points="514,3697 2043,3706 2125,3691 2124,3578 1623,3629 1494,3588 1296,3629 1206,3576 513,3601"/>
                <Baseline points="531,3690 609,3687 688,3684 767,3683 846,3681 925,3680 1004,3680 1082,3678 1161,3678 1240,3678 1319,3678 1398,3678 1477,3678 1556,3678 1634,3677 1713,3677 1792,3675 1871,3674 1950,3671 2029,3668 2108,3663"/>
                <TextEquiv>
                    <Unicode>Iegenwoordegh alhier senjis verlegen Eo</Unicode>
                </TextEquiv>
            </TextLine>
            <TextLine id="r1l52" custom="readingOrder {index:51;}">
                <Coords points="537,3888 1056,3871 1154,3801 1445,3914 1557,3847 2546,3831 2544,3742 2228,3651 1938,3727 533,3707"/>
                <Baseline points="555,3852 653,3851 752,3851 850,3849 949,3849 1047,3848 1146,3846 1244,3845 1343,3843 1441,3840 1540,3838 1639,3836 1737,3833 1836,3830 1934,3826 2033,3822 2131,3818 2230,3813 2328,3809 2427,3803 2526,3798"/>
                <TextEquiv>
                    <Unicode>Batavia in 't Casttel datum als Daeren</Unicode>
                </TextEquiv>
            </TextLine>
            <TextLine id="r1l53" custom="readingOrder {index:52;}">
                <Coords points="2221,4048 2512,3983 2667,4003 2694,3979 2865,3980 2854,3831 2704,3886 2619,3885 2533,3935 2408,3837 2340,3875 2306,3852 2206,3853"/>
                <Baseline points="2237,4023 2267,4017 2298,4012 2328,4008 2359,4003 2389,3998 2420,3995 2450,3992 2481,3988 2511,3986 2542,3984 2572,3981 2603,3980 2633,3978 2664,3977 2694,3976 2725,3975 2755,3975 2786,3974 2816,3974 2847,3974"/>
                <TextEquiv>
                    <Unicode>Van goe</Unicode>
                </TextEquiv>
            </TextLine>
            <TextLine id="r1l54" custom="readingOrder {index:53;}">
                <Coords points="565,4179 622,4135 821,4123 884,4157 1055,4104 1177,4159 1239,4090 1362,4065 1519,4064 1572,4106 1637,4069 1630,3980 1300,3956 1141,4022 1040,3959 833,3961 554,4044"/>
                <Baseline points="578,4136 630,4132 682,4127 734,4123 786,4118 838,4114 890,4110 942,4106 994,4101 1046,4097 1098,4094 1150,4089 1202,4086 1254,4082 1306,4077 1358,4073 1410,4068 1462,4065 1514,4061 1566,4057 1619,4052"/>
                <TextEquiv>
                    <Unicode>W Wap bhoorn</Unicode>
                </TextEquiv>
            </TextLine>
            <TextLine id="r1l55" custom="readingOrder {index:54;}">
                <Coords points="2486,4155 2588,4115 2697,4129 2777,4162 2853,4152 2863,3989 2736,4028 2683,4010 2601,4080 2559,4067 2525,4094 2489,4095"/>
                <Baseline points="2507,4116 2532,4112 2557,4110 2583,4110 2608,4111 2633,4113 2659,4116 2684,4119 2710,4123 2735,4125 2760,4127 2786,4127 2811,4125 2837,4122"/>
                <TextEquiv>
                    <Unicode> te</Unicode>
                </TextEquiv>
            </TextLine>
            <TextLine id="r1l56" custom="readingOrder {index:55;}">
                <Coords points="2149,4271 2209,4242 2398,4252 2469,4227 2611,4312 2686,4273 2785,4312 2913,4251 2913,4138 2785,4163 2636,4117 2522,4149 2390,4117 2287,4153 2230,4096 2149,4114"/>
                <Baseline points="2166,4244 2202,4239 2238,4235 2275,4231 2311,4230 2348,4227 2384,4227 2421,4226 2457,4226 2494,4226 2530,4227 2566,4227 2603,4228 2639,4229 2676,4230 2712,4232 2749,4232 2785,4233 2822,4233 2858,4233 2895,4233"/>
                <TextEquiv>
                    <Unicode>Dansneertje</Unicode>
                </TextEquiv>
            </TextLine>
            <TextLine id="r1l57" custom="readingOrder {index:56;}">
                <Coords points="722,4361 777,4321 835,4330 908,4293 951,4292 1074,4367 1112,4341 1156,4372 1275,4309 1372,4321 1367,4147 1105,4189 1055,4161 966,4188 795,4160 718,4198"/>
                <Baseline points="737,4323 767,4321 798,4319 829,4317 860,4316 891,4314 922,4313 953,4312 984,4311 1015,4310 1046,4310 1076,4308 1107,4308 1138,4308 1169,4307 1200,4307 1231,4307 1262,4307 1293,4307 1324,4307 1355,4307"/>
                <TextEquiv>
                    <Unicode>Jantam Cuij</Unicode>
                </TextEquiv>
            </TextLine>
            <TextLine id="r1l58" custom="readingOrder {index:57;}">
                <Coords points="1093,4474 1140,4478 1180,4440 1234,4447 1227,4337 1202,4339 1176,4365 1155,4374 1132,4354 1115,4369 1087,4367"/>
                <Baseline points="1109,4436 1135,4436 1161,4432 1187,4430 1214,4433"/>
                <TextEquiv>
                    <Unicode></Unicode>
                </TextEquiv>
            </TextLine>
            <TextLine id="r1l59" custom="readingOrder {index:58;}">
                <Coords points="2120,4658 2323,4636 2423,4670 2465,4651 2501,4669 2533,4647 2590,4649 2585,4375 2117,4448"/>
                <Baseline points="2139,4643 2164,4639 2189,4635 2215,4633 2240,4632 2266,4632 2291,4632 2316,4632 2342,4633 2367,4634 2393,4635 2418,4635 2443,4635 2469,4634 2494,4632 2520,4630 2545,4627 2571,4622"/>
                <TextEquiv>
                    <Unicode></Unicode>
                </TextEquiv>
            </TextLine>
            <TextEquiv>
                <Unicode>494

494.

 o
dan de sware bberen kan de passeomen tn mer na
En datnen litada daar van overgekome schriftumen met andors teefm
Aan oordeelen, off die
oorderlen, ofe verstaen, als dat dien loden voor sijn aprijlen
dan is bij de Comp:
en Eijgindom overgeman
uijt het paria bij de Comp: in eygendom is aen en boergenomen,;
ende om de pooraengedaelde tctoutschepen na ons bejse
mogen, mits gedreck van genoudzame zalvt te ballasten
L den sumbar thij is gettgevonden, dadi toe de gedruijcken alle den voorzen
ballast na t Patar
bin, dougst p:r desleuse geiulaing ujd kam decomen, beseaan

te senden
in 238038. lb„s benevens dak 3000. piedlb: ofte de Frlfs

en 3000. D=o japan
van apans staesoper. t descp:r de sleuijt Tronenurge
staafcoper, met
soenlingh engelhier aangedraget/ van nogd 9688z: bl: vocher zuijken
en 96002. lb: Potijle
dn dietegenwoordigs bij de valkbuijden en voorteed beijk
Tuijchet hur in voorral
danwomen dan voorts  berserende georek me d: sis
neven td= srisen s „
Tm parlij onbequaen ijden, en 33: duicken aeleen en s0el ons quaem metael nees
Pitaalkansn, en
wegende dintade bonnen 10200: lb: vtijden noga 1914: suix
1—
ondieustigh scherp
heeings cogels en 1249 chip Pondschan ooist zijn de
missen, en te genijk hdier jnsland alsoat mete seer
nodigh geagte werden; sal buipeeren
mmewat ongonnare te gcobere van dgedoenge den
Hujgh botij weder na
Bantammers, en desegenwoortgen does Can
bantrm te senden
dn Informatie Vande
aen dat hoff, de verstaen den volok huijgeboij wederom
toestant aen dat hoff
eens derwaerts te laasen gaen ueeeen advisbicsje aenensen
Laetje tuweon bann atebidene wilerme aeff i enorndr tot opkon van partij van
tdoen Inkoopen, soo
soode daer was te becomen, nadien men om dagaen
hit te becomen zij
Iegenwoordegh alhier senjis verlegen Eo
Batavia in 't Casttel datum als Daeren
Van goe
W Wap bhoorn
 te
Dansneertje
Jantam Cuij

</Unicode>
            </TextEquiv>
        </TextRegion>
    </Page>
</PcGts>
