3134 4559
100 -41 170 57 1
2932 -19 3129 212 111.
2889 206 3053 395 11
300 371 2363 578 vande Heeren Extraordinarij Raaden
237 504 2466 707 Willem van Outhoorn, Joannes Camptuijs
283 682 2528 848 en Jacob Jarissen Pits, jn ende op gelijcke manier
276 797 2321 943 als het zjn Ed: de Heer Gouverneur
272 893 2464 1088 generael Rijckloff van Goens, bevorens vande
258 1006 2558 1176 Hr. Directeur P: Plicolaes Derburgh Zal: heeft.
265 1119 2505 1293 ontfangen gehadt sullende wijders door gemelte
256 1233 2562 1416 Heere Epeelman, alles daer omtrent, en alomme
268 1357 2478 1582 naer de ordres, en jntentie der Heeren Majores
245 1536 2444 1711 werden besorght, en betraght, ende alle oneffen
2504 1447 3073 1663 alle onelen en=t
2493 1614 3011 1727 sullen na Vermogen
264 1615 2497 1783 posten en reeckeningen, bij de negotie boecken naer
2518 1700 3045 1841 werden geliquideert
260 1705 2318 1934 vermogen werden geliqndeert; en pereffent
256 1960 2502 2192 Alsoo het verongelucken vande fluijt uijdam op.—
256 2125 2570 2307 2e:e Vlovember voorleden Jaers, komende uijt Bengale
244 2283 2490 2419 omtrent de vestcust van Sumatra, op 't noord
251 2360 2387 2561 west eijnde van't Eijlandt de goede fortuijn
244 2512 2530 2666 al vrij wat door agsteloosheijt, en geen genoegssame
247 2612 2481 2771 toesight schijnt te zijn veroorsaeckt volgens de
259 2725 2485 2885 verklaringe van vier ervaten schippers dier„
239 2873 2573 3035 wegen gegeven, ende de antwoorde bij den schipper
235 2950 2437 3093 Hendrick koedijck, daer op gedaen jn presentie
119 3054 631 3220 vanden
701 3066 2423 3266 Equippagiemeester. Jacob Geus
241 3179 2436 3390 is verstaen die saack verder over te geven
2442 3208 3105 3382 Den Sschipper en Stuerluijden
2469 3342 3097 3438 overt verlies vande fleuijt
240 3334 3067 3509 aenden Aohtbaren Raadt van Iustitie lijdam a:o Voorleben Op
2458 3474 3054 3570 de Westert doorden
223 3414 3089 3662 deses Casteels, omme gemelten schipperr fiscael te doen aenspreken
228 3564 2460 3784 Hendrick Roedijck, ende zijne stuurluijdon
0 3666 2411 3866 daer over sodanigh te corrigeren, als de om„
2077 3835 2500 4033 standigh:t
2066 3990 2202 4167 e
