<?xml version="1.0" encoding="UTF-8" standalone="yes"?>
<PcGts xmlns="http://schema.primaresearch.org/PAGE/gts/pagecontent/2013-07-15" xmlns:xsi="http://www.w3.org/2001/XMLSchema-instance" xsi:schemaLocation="http://schema.primaresearch.org/PAGE/gts/pagecontent/2013-07-15 http://schema.primaresearch.org/PAGE/gts/pagecontent/2013-07-15/pagecontent.xsd">
    <Metadata>
        <Creator>prov=University of Rostock/Institute of Mathematics/CITlab|PLANET AI GmbH/Gundram Leifert/gundram.leifert@planet-ai.de:name=Dutch Mountains (18th Century)(htr_id=21683)::::v=2.6.6
prov=University of Rostock/Institute of Mathematics/CITlab|PLANET AI GmbH/Tobias Gruening/tobias.gruening@planet-ai.de:name=de.uros.citlab.module.baseline2polygon.B2PSeamMultiOriented:v=2.6.6
prov=University of Rostock/Institute of Mathematics/CITlab|PLANET AI GmbH/Tobias Gruening/tobias.gruening@planet-ai.de:name=/net_tf/LA73_249_0mod360.pb:de.uros.citlab.segmentation.CITlab_LA_ML:v=2.6.6
Transkribus</Creator>
        <Created>2020-09-07T17:37:33.126+07:00</Created>
        <LastChange>2020-09-07T17:40:59.225+02:00</LastChange>
        <TranskribusMetadata docId="471980" pageId="19528790" pageNr="547" tsid="39455341" status="IN_PROGRESS" userId="15017" imgUrl="https://files.transkribus.eu/Get?id=DSSUMGJYSDGMHWELQRZALFNY&amp;fileType=view" xmlUrl="https://files.transkribus.eu/Get?id=TQPLOARYKVVJALOQRWSVYHMH" imageId="15088627"/>
    </Metadata>
    <Page imageFilename="ID-ANRI_K66a_890_Register 39.jpg" imageWidth="3066" imageHeight="4522">
        <ReadingOrder>
            <OrderedGroup id="ro_1620456177866" caption="Regions reading order">
                <RegionRefIndexed index="0" regionRef="r1"/>
                <RegionRefIndexed index="1" regionRef="r2"/>
            </OrderedGroup>
        </ReadingOrder>
        <TextRegion orientation="0.0" id="r1" custom="readingOrder {index:0;}">
            <Coords points="27,1285 27,1478 51,1478 51,1285"/>
            <TextLine id="r1l1" custom="readingOrder {index:0;}">
                <Coords points="10,1358 63,1361 63,1248 40,1248 27,1262 10,1262"/>
                <Baseline points="27,1340 45,1340"/>
                <TextEquiv>
                    <Unicode>„</Unicode>
                </TextEquiv>
            </TextLine>
            <TextLine id="r1l2" custom="readingOrder {index:1;}">
                <Coords points="17,1468 37,1468 43,1475 47,1471 67,1471 67,1358 50,1358 47,1361 17,1358"/>
                <Baseline points="33,1451 51,1451"/>
                <TextEquiv>
                    <Unicode></Unicode>
                </TextEquiv>
            </TextLine>
            <TextEquiv>
                <Unicode>„
</Unicode>
            </TextEquiv>
        </TextRegion>
        <TextRegion orientation="0.0" id="r2" custom="readingOrder {index:1;}">
            <Coords points="18,91 18,4294 2954,4294 2954,91"/>
            <TextLine id="r2l1" custom="readingOrder {index:0;}">
                <Coords points="134,155 171,156 220,172 240,169 263,190 276,191 290,178 323,176 327,79 300,75 283,88 270,77 260,87 240,79 215,52 201,64 188,51 138,45"/>
                <Baseline points="152,143 178,148 204,152 230,153 256,153 282,152 309,150"/>
                <TextEquiv>
                    <Unicode>zooos</Unicode>
                </TextEquiv>
            </TextLine>
            <TextLine id="r2l2" custom="readingOrder {index:1;}">
                <Coords points="15,274 35,271 70,279 78,271 111,263 85,91 52,100 10,86 -13,90"/>
                <Baseline points="23,209 53,204 83,200"/>
                <TextEquiv>
                    <Unicode></Unicode>
                </TextEquiv>
            </TextLine>
            <TextLine id="r2l3" custom="readingOrder {index:2;}">
                <Coords points="547,362 765,483 884,415 951,464 1034,413 1118,445 1323,392 1560,403 1556,120 1303,116 1122,25 544,133"/>
                <Baseline points="563,344 614,358 666,370 717,380 769,389 820,394 872,398 923,401 975,402 1026,402 1078,402 1129,399 1181,395 1232,389 1284,384 1335,377 1387,368 1438,360 1490,352 1542,342"/>
                <TextEquiv>
                    <Unicode>Seer</Unicode>
                </TextEquiv>
            </TextLine>
            <TextLine id="r2l4" custom="readingOrder {index:3;}">
                <Coords points="10,599 2307,622 2580,585 2580,476 1911,516 1451,393 699,503 206,403 10,483"/>
                <Baseline points="27,549 153,554 280,558 407,561 534,563 661,563 788,564 914,564 1041,564 1168,563 1295,563 1422,561 1549,560 1676,560 1802,558 1929,558 2056,557 2183,558 2310,558 2437,560 2564,561"/>
                <TextEquiv>
                    <Unicode>„ 13: d: E ondercooplinde dan oe toncktijs en steven schover hem tot adineten</Unicode>
                </TextEquiv>
            </TextLine>
            <TextLine id="r2l5" custom="readingOrder {index:4;}">
                <Coords points="1,644 17,645 30,659 37,660 47,650 54,654 80,656 85,576 69,575 41,593 34,589 28,592 21,585 5,584"/>
                <Baseline points="18,639 65,642"/>
                <TextEquiv>
                    <Unicode>d</Unicode>
                </TextEquiv>
            </TextLine>
            <TextLine id="r2l6" custom="readingOrder {index:5;}">
                <Coords points="2624,735 2644,734 2736,666 2850,677 2869,663 2900,673 2966,662 2964,548 2858,577 2668,557 2621,565"/>
                <Baseline points="2640,662 2665,655 2691,651 2717,650 2742,648 2768,648 2794,648 2819,649 2845,650 2871,650 2896,650 2922,649 2948,647"/>
                <TextEquiv>
                    <Unicode>N: 343.</Unicode>
                </TextEquiv>
            </TextLine>
            <TextLine id="r2l7" custom="readingOrder {index:6;}">
                <Coords points="615,698 825,678 902,709 955,673 1012,671 1048,698 1121,699 1123,596 1056,605 960,580 843,599 764,591 727,564 617,579"/>
                <Baseline points="632,648 657,650 682,651 707,653 732,653 757,654 782,654 807,654 832,654 857,654 882,654 907,654 932,654 957,654 982,654 1007,656 1032,656 1057,657 1082,659 1107,660"/>
                <TextEquiv>
                    <Unicode>bij gevoeght --</Unicode>
                </TextEquiv>
            </TextLine>
            <TextLine id="r2l8" custom="readingOrder {index:7;}">
                <Coords points="267,751 939,830 1159,771 2071,805 2045,678 1473,647 693,724 268,668"/>
                <Baseline points="284,750 372,755 461,757 549,759 638,762 726,763 815,764 903,765 992,765 1080,765 1169,765 1258,765 1346,765 1435,765 1523,765 1612,767 1700,767 1789,768 1877,768 1966,771 2055,773"/>
                <TextEquiv>
                    <Unicode>en hiebejde tot Coopluijden mel 60. gl: smaents terbetert</Unicode>
                </TextEquiv>
            </TextLine>
            <TextLine id="r2l9" custom="readingOrder {index:8;}">
                <Coords points="273,858 2573,903 2573,806 2358,725 2014,829 273,781"/>
                <Baseline points="290,846 403,849 516,852 629,855 743,857 856,858 969,858 1082,860 1196,860 1309,860 1422,861 1535,861 1649,861 1762,861 1875,863 1988,863 2102,864 2215,866 2328,867 2441,870 2555,873"/>
                <TextEquiv>
                    <Unicode>Nominatis van een gereguleert getal gequalificeerde dienaren. op Smallabaer</Unicode>
                </TextEquiv>
            </TextLine>
            <TextLine id="r2l10" custom="readingOrder {index:9;}">
                <Coords points="599,971 669,988 772,957 815,970 898,953 928,983 955,966 1038,965 1038,885 931,893 765,867 708,907 598,902"/>
                <Baseline points="615,953 640,953 666,952 691,951 717,951 742,951 768,950 793,950 819,950 844,950 870,950 895,950 921,950 946,950 972,950 997,950 1023,950"/>
                <TextEquiv>
                    <Unicode>aen testellen</Unicode>
                </TextEquiv>
            </TextLine>
            <TextLine id="r2l11" custom="readingOrder {index:10;}">
                <Coords points="1021,948 1396,983 1465,1035 1560,970 1707,964 1707,924 1644,909 1545,904 1481,935 1332,869 1219,893 1023,872"/>
                <Baseline points="1037,948 1069,949 1102,950 1134,952 1167,953 1200,954 1232,956 1265,957 1297,958 1330,959 1363,960 1395,962 1428,962 1460,963 1493,963 1526,963 1558,963 1591,963 1623,962 1656,960 1689,959"/>
                <TextEquiv>
                    <Unicode></Unicode>
                </TextEquiv>
            </TextLine>
            <TextLine id="r2l12" custom="readingOrder {index:11;}">
                <Coords points="2710,981 2747,982 2789,1001 2810,995 2819,1005 2896,1008 2933,992 2969,994 2974,861 2931,849 2885,847 2864,857 2798,844 2754,866 2714,861"/>
                <Baseline points="2729,962 2754,969 2779,974 2804,978 2829,980 2854,981 2879,980 2904,978 2929,975 2954,971"/>
                <TextEquiv>
                    <Unicode>341</Unicode>
                </TextEquiv>
            </TextLine>
            <TextLine id="r2l13" custom="readingOrder {index:12;}">
                <Coords points="253,1098 2037,1068 2310,1133 2636,1090 2637,980 1459,1026 254,938"/>
                <Baseline points="270,1041 387,1044 504,1047 622,1050 739,1052 857,1055 974,1056 1092,1058 1209,1058 1327,1059 1444,1059 1561,1061 1679,1061 1796,1061 1914,1062 2031,1062 2149,1064 2266,1064 2384,1065 2501,1067 2619,1068"/>
                <TextEquiv>
                    <Unicode>en de op: 3: op Coijlangh, Palicoilangh, Tranganoor, en Lanquoor, am den</Unicode>
                </TextEquiv>
            </TextLine>
            <TextLine id="r2l14" custom="readingOrder {index:13;}">
                <Coords points="552,1157 1647,1157 1840,1195 1864,1093 1434,1109 1152,1063 1035,1105 916,1057 789,1109 552,1100"/>
                <Baseline points="569,1134 636,1138 703,1140 770,1142 838,1144 905,1145 972,1146 1040,1146 1107,1146 1174,1148 1242,1148 1309,1148 1376,1148 1444,1148 1511,1148 1578,1148 1646,1149 1713,1149 1780,1151 1848,1152"/>
                <TextEquiv>
                    <Unicode>Commissaris en Commandeur gedefeteert</Unicode>
                </TextEquiv>
            </TextLine>
            <TextLine id="r2l15" custom="readingOrder {index:14;}">
                <Coords points="1842,1182 1862,1184 1889,1210 1900,1204 1943,1212 1966,1241 2002,1215 2026,1214 2034,1134 2005,1128 1980,1139 1971,1131 1940,1135 1924,1126 1848,1119"/>
                <Baseline points="1863,1154 1888,1155 1913,1158 1938,1160 1963,1163 1988,1165 2013,1169"/>
                <TextEquiv>
                    <Unicode></Unicode>
                </TextEquiv>
            </TextLine>
            <TextLine id="r2l16" custom="readingOrder {index:15;}">
                <Coords points="245,1278 2205,1343 2914,1315 2942,1202 246,1151"/>
                <Baseline points="263,1244 396,1248 529,1250 662,1253 795,1256 928,1257 1061,1259 1194,1261 1327,1262 1460,1263 1594,1265 1727,1266 1860,1268 1993,1268 2126,1269 2259,1271 2392,1272 2525,1274 2658,1275 2791,1277 2925,1278"/>
                <TextEquiv>
                    <Unicode>om de disputen tusschen den Command:r en 2: pr soon op Coehim Vegh:tenen . . 245.</Unicode>
                </TextEquiv>
            </TextLine>
            <TextLine id="r2l17" custom="readingOrder {index:16;}">
                <Coords points="213,1412 351,1357 679,1419 2120,1433 2122,1323 1760,1267 1599,1331 1417,1265 215,1289"/>
                <Baseline points="231,1352 324,1353 418,1356 512,1358 605,1359 699,1361 793,1362 886,1365 980,1367 1074,1368 1168,1370 1261,1371 1355,1373 1449,1374 1542,1375 1636,1376 1730,1377 1823,1379 1917,1380 2011,1382 2105,1383"/>
                <TextEquiv>
                    <Unicode>p sal den Commandeursigh met d’adminis statie niet Jnlaaten. —</Unicode>
                </TextEquiv>
            </TextLine>
            <TextLine id="r2l18" custom="readingOrder {index:17;}">
                <Coords points="309,1524 557,1463 1106,1473 1195,1529 1645,1487 1761,1553 1965,1500 1966,1407 1613,1454 1391,1389 671,1418 313,1361"/>
                <Baseline points="329,1458 409,1460 490,1460 571,1461 652,1463 733,1464 814,1467 895,1469 976,1472 1057,1474 1138,1476 1218,1479 1299,1481 1380,1482 1461,1484 1542,1485 1623,1485 1704,1485 1785,1485 1866,1484 1947,1482"/>
                <TextEquiv>
                    <Unicode>maer de comptoiren als 't nodig: Visiteren . . . . . . .</Unicode>
                </TextEquiv>
            </TextLine>
            <TextLine id="r2l19" custom="readingOrder {index:18;}">
                <Coords points="283,1586 1522,1596 1953,1665 2006,1660 2011,1493 1749,1559 1638,1483 1430,1541 1112,1475 285,1506"/>
                <Baseline points="299,1566 383,1566 468,1568 552,1569 637,1571 722,1572 806,1574 891,1577 975,1579 1060,1581 1145,1584 1229,1586 1314,1589 1398,1592 1483,1595 1568,1598 1652,1599 1737,1602 1821,1604 1906,1606 1991,1608"/>
                <TextEquiv>
                    <Unicode>de Command:r sal de sorge over de groote kas hebben - . - - .</Unicode>
                </TextEquiv>
            </TextLine>
            <TextLine id="r2l20" custom="readingOrder {index:19;}">
                <Coords points="265,1705 2096,1739 2098,1643 268,1592"/>
                <Baseline points="282,1665 371,1667 461,1668 551,1670 641,1672 731,1674 821,1676 910,1679 1000,1681 1090,1683 1180,1686 1270,1689 1360,1691 1450,1694 1539,1697 1629,1698 1719,1701 1809,1703 1899,1706 1989,1707 2079,1709"/>
                <TextEquiv>
                    <Unicode>en niet dan door den Cassier met sijn ordde werden uijtgegeven</Unicode>
                </TextEquiv>
            </TextLine>
            <TextLine id="r2l21" custom="readingOrder {index:20;}">
                <Coords points="269,1820 2522,1878 2525,1788 272,1707"/>
                <Baseline points="288,1778 404,1779 521,1782 638,1784 755,1787 871,1789 988,1791 1105,1794 1222,1797 1339,1800 1455,1803 1572,1808 1689,1811 1806,1815 1923,1821 2039,1826 2156,1831 2273,1837 2390,1844 2507,1851"/>
                <TextEquiv>
                    <Unicode>de Commander en segunde op Malabar sullen Jaerlijx soo Velprovis:n</Unicode>
                </TextEquiv>
            </TextLine>
            <TextLine id="r2l22" custom="readingOrder {index:21;}">
                <Coords points="526,1898 1959,1979 2117,1933 2069,1865 1614,1824 529,1808"/>
                <Baseline points="542,1896 620,1893 698,1892 776,1892 854,1892 932,1892 1010,1892 1088,1893 1166,1895 1244,1896 1322,1898 1400,1901 1478,1904 1556,1907 1634,1910 1712,1913 1790,1916 1868,1919 1946,1922 2024,1926 2102,1929"/>
                <TextEquiv>
                    <Unicode>den dicecteur en tree in souratte vande Comp: geniete</Unicode>
                </TextEquiv>
            </TextLine>
            <TextLine id="r2l23" custom="readingOrder {index:22;}">
                <Coords points="244,2060 1559,2030 2323,2120 2490,2079 2492,1969 245,1917"/>
                <Baseline points="261,2012 371,2015 482,2018 592,2021 703,2023 814,2025 924,2027 1035,2027 1146,2028 1256,2028 1367,2030 1478,2030 1588,2031 1699,2031 1810,2033 1920,2034 2031,2036 2142,2039 2252,2042 2363,2045 2474,2049"/>
                <TextEquiv>
                    <Unicode>Maer de verdre bijppoolsen met daer ordinari tantsoen moden te leden zijn.</Unicode>
                </TextEquiv>
            </TextLine>
            <TextLine id="r2l24" custom="readingOrder {index:23;}">
                <Coords points="46,2172 2599,2222 2528,2071 48,2052"/>
                <Baseline points="63,2142 195,2148 328,2153 460,2156 593,2159 725,2162 858,2163 991,2163 1123,2165 1256,2166 1388,2166 1521,2168 1653,2169 1786,2172 1919,2175 2051,2178 2184,2184 2316,2190 2449,2199 2582,2207"/>
                <TextEquiv>
                    <Unicode>16: d=o boperbooffden van ’t schip de briel voor gebanduijtuijse in E debreedn</Unicode>
                </TextEquiv>
            </TextLine>
            <TextLine id="r2l25" custom="readingOrder {index:24;}">
                <Coords points="547,2301 651,2289 694,2309 720,2283 747,2280 760,2293 784,2283 807,2307 850,2307 934,2278 934,2178 895,2171 831,2207 808,2187 768,2213 655,2182 548,2201"/>
                <Baseline points="563,2271 588,2271 613,2270 638,2270 664,2270 689,2270 714,2271 740,2271 765,2271 790,2271 815,2271 841,2272 866,2273 891,2273 917,2273"/>
                <TextEquiv>
                    <Unicode>toegeleijt</Unicode>
                </TextEquiv>
            </TextLine>
            <TextLine id="r2l26" custom="readingOrder {index:25;}">
                <Coords points="235,2384 1815,2466 2145,2415 2417,2493 2497,2464 2500,2314 236,2291"/>
                <Baseline points="252,2376 363,2384 474,2390 586,2394 697,2399 809,2402 920,2405 1031,2406 1143,2408 1254,2409 1366,2411 1477,2411 1588,2412 1700,2412 1811,2414 1923,2414 2034,2415 2145,2417 2257,2419 2368,2422 2480,2426"/>
                <TextEquiv>
                    <Unicode>'t onbeuame affgesaare schip brieden soode afftelogten, en te berkoopen.</Unicode>
                </TextEquiv>
            </TextLine>
            <TextLine id="r2l27" custom="readingOrder {index:26;}">
                <Coords points="231,2522 556,2563 604,2531 782,2580 940,2548 1231,2614 1406,2537 1409,2440 975,2480 708,2391 234,2419"/>
                <Baseline points="249,2492 306,2495 363,2499 420,2502 477,2505 534,2508 591,2511 648,2513 705,2516 762,2519 819,2521 876,2523 933,2525 990,2526 1047,2526 1104,2528 1161,2528 1218,2528 1275,2528 1332,2528 1389,2526"/>
                <TextEquiv>
                    <Unicode>verklading van deself  nig ne lijk</Unicode>
                </TextEquiv>
            </TextLine>
            <TextLine id="r2l28" custom="readingOrder {index:27;}">
                <Coords points="247,2625 2289,2733 2537,2694 2541,2551 1704,2597 1502,2537 1234,2610 250,2525"/>
                <Baseline points="264,2607 376,2612 489,2616 602,2619 715,2624 828,2628 941,2632 1054,2636 1167,2639 1280,2643 1393,2646 1505,2650 1618,2654 1731,2657 1844,2660 1957,2661 2070,2664 2183,2666 2296,2667 2409,2669 2522,2669"/>
                <TextEquiv>
                    <Unicode>om de quade gemchten van den Javaenzen tegent Widrasaba tot Canjongpoura</Unicode>
                </TextEquiv>
            </TextLine>
            <TextLine id="r2l29" custom="readingOrder {index:28;}">
                <Coords points="2628,2689 2689,2711 2751,2682 2839,2736 2909,2720 2904,2581 2884,2581 2850,2552 2804,2557 2745,2602 2715,2587 2692,2601 2665,2585 2625,2590"/>
                <Baseline points="2645,2675 2672,2676 2699,2676 2726,2676 2753,2676 2780,2675 2807,2673 2834,2672 2861,2670 2889,2667"/>
                <TextEquiv>
                    <Unicode>„ 348</Unicode>
                </TextEquiv>
            </TextLine>
            <TextLine id="r2l30" custom="readingOrder {index:29;}">
                <Coords points="243,2804 384,2741 2229,2855 2634,2806 2504,2689 248,2624"/>
                <Baseline points="260,2732 377,2732 495,2732 613,2733 731,2735 849,2736 967,2740 1085,2744 1203,2747 1321,2751 1439,2756 1556,2760 1674,2763 1792,2768 1910,2771 2028,2775 2146,2778 2264,2781 2382,2783 2500,2784 2618,2784"/>
                <TextEquiv>
                    <Unicode>Salmen derreots ordoinneren te onderscaen Boemen den selven bequamelijcxt</Unicode>
                </TextEquiv>
            </TextLine>
            <TextLine id="r2l31" custom="readingOrder {index:30;}">
                <Coords points="503,2904 1316,2859 2266,2956 2443,2923 2445,2840 1385,2760 505,2781"/>
                <Baseline points="521,2861 616,2856 711,2853 806,2850 902,2850 997,2850 1092,2852 1187,2853 1283,2856 1378,2859 1473,2862 1568,2867 1664,2870 1759,2874 1854,2877 1949,2880 2045,2882 2140,2883 2235,2885 2330,2884 2426,2883"/>
                <TextEquiv>
                    <Unicode>souw konnen sonder gewelt van daer Herwaerts diinoveren - - -</Unicode>
                </TextEquiv>
            </TextLine>
            <TextLine id="r2l32" custom="readingOrder {index:31;}">
                <Coords points="219,2974 2589,3046 2590,2943 2448,2924 221,2877"/>
                <Baseline points="236,2975 352,2972 469,2970 586,2969 703,2969 820,2970 937,2972 1053,2974 1170,2976 1287,2979 1404,2982 1521,2986 1638,2990 1755,2992 1871,2996 1988,2997 2105,3000 2222,3002 2339,3002 2456,3003 2573,3002"/>
                <TextEquiv>
                    <Unicode>adlis te vorderen met hoevel Volck de pogger op Canjongtoura, tegen eenige</Unicode>
                </TextEquiv>
            </TextLine>
            <TextLine id="r2l33" custom="readingOrder {index:32;}">
                <Coords points="508,3085 1500,3099 1898,3173 2222,3126 2197,3035 1857,3059 1665,2986 1528,3043 1205,2991 509,3019"/>
                <Baseline points="525,3074 613,3077 701,3078 790,3080 878,3081 966,3083 1055,3084 1143,3086 1231,3086 1320,3087 1408,3089 1497,3090 1585,3090 1673,3092 1762,3095 1850,3097 1938,3099 2027,3102 2115,3105 2204,3110"/>
                <TextEquiv>
                    <Unicode>Javaenze magie Wel: jouw konnen gedefondeer werden.</Unicode>
                </TextEquiv>
            </TextLine>
            <TextLine id="r2l34" custom="readingOrder {index:33;}">
                <Coords points="2618,3138 2702,3158 2725,3178 2782,3134 2805,3144 2845,3131 2845,2978 2818,2981 2805,2994 2788,2984 2755,2991 2688,2931 2648,2951 2618,2945"/>
                <Baseline points="2634,3110 2661,3107 2689,3105 2717,3105 2745,3105 2773,3106 2801,3107 2829,3108"/>
                <TextEquiv>
                    <Unicode>139</Unicode>
                </TextEquiv>
            </TextLine>
            <TextLine id="r2l35" custom="readingOrder {index:34;}">
                <Coords points="233,3190 822,3208 970,3282 1987,3232 1989,3159 1863,3138 1243,3167 1025,3107 863,3156 682,3097 541,3143 237,3054"/>
                <Baseline points="249,3164 335,3173 421,3179 507,3185 593,3191 679,3195 765,3200 851,3203 937,3206 1023,3209 1109,3210 1195,3212 1281,3213 1367,3215 1453,3215 1539,3216 1625,3218 1711,3219 1797,3220 1883,3222 1970,3224"/>
                <TextEquiv>
                    <Unicode>20 D: Stuxbaiboesen op Ca jongpouwa n 1 koopen . . . . . .</Unicode>
                </TextEquiv>
            </TextLine>
            <TextLine id="r2l36" custom="readingOrder {index:35;}">
                <Coords points="20,3282 43,3282 67,3302 83,3302 83,3226 60,3226 37,3212 20,3212"/>
                <Baseline points="36,3282 66,3282"/>
                <TextEquiv>
                    <Unicode>—</Unicode>
                </TextEquiv>
            </TextLine>
            <TextLine id="r2l37" custom="readingOrder {index:36;}">
                <Coords points="190,3311 1214,3387 1821,3342 2425,3430 2395,3270 970,3281 193,3191"/>
                <Baseline points="209,3276 319,3285 429,3293 539,3299 649,3305 759,3311 869,3314 979,3318 1089,3321 1199,3323 1310,3326 1420,3327 1530,3329 1640,3330 1750,3332 1860,3333 1970,3335 2080,3336 2190,3338 2300,3339 2411,3341"/>
                <TextEquiv>
                    <Unicode>o’t schip den Eendragt on dermael tot affhad: van peper, naer Palembong aengelek</Unicode>
                </TextEquiv>
            </TextLine>
            <TextLine id="r2l38" custom="readingOrder {index:37;}">
                <Coords points="225,3429 970,3497 1813,3450 2151,3519 2399,3469 2308,3380 2104,3418 1996,3358 228,3330"/>
                <Baseline points="243,3389 349,3398 456,3405 563,3411 670,3417 777,3422 884,3426 991,3429 1098,3432 1205,3435 1312,3437 1418,3438 1525,3441 1632,3443 1739,3444 1846,3446 1953,3448 2060,3450 2167,3453 2274,3456 2381,3459"/>
                <TextEquiv>
                    <Unicode>dienende met eenen de presentie onser scheepen aldaer voor ’t peper sluijcken</Unicode>
                </TextEquiv>
            </TextLine>
            <TextLine id="r2l39" custom="readingOrder {index:38;}">
                <Coords points="-3,3551 24,3555 51,3546 82,3559 120,3435 94,3427 83,3431 65,3422 38,3417"/>
                <Baseline points="23,3528 69,3542"/>
                <TextEquiv>
                    <Unicode></Unicode>
                </TextEquiv>
            </TextLine>
            <TextLine id="r2l40" custom="readingOrder {index:39;}">
                <Coords points="224,3564 2614,3588 2479,3492 1431,3447 1127,3517 227,3431"/>
                <Baseline points="240,3518 357,3524 475,3530 593,3534 711,3537 829,3541 947,3545 1065,3548 1183,3550 1301,3552 1419,3554 1536,3555 1654,3558 1772,3560 1890,3561 2008,3563 2126,3566 2244,3567 2362,3570 2480,3573 2598,3576"/>
                <TextEquiv>
                    <Unicode>om de gede mindes der bantam nrs, obse buijten soeten in desentie te brengen, en</Unicode>
                </TextEquiv>
            </TextLine>
            <TextLine id="r2l41" custom="readingOrder {index:40;}">
                <Coords points="498,3709 696,3653 1224,3720 2400,3700 2401,3634 2256,3574 2105,3635 501,3569"/>
                <Baseline points="516,3629 609,3638 702,3646 795,3653 889,3659 982,3662 1075,3665 1169,3668 1262,3669 1355,3669 1449,3671 1542,3671 1635,3671 1728,3671 1822,3671 1915,3672 2008,3673 2102,3675 2195,3678 2288,3681 2382,3686"/>
                <TextEquiv>
                    <Unicode>doorgaens van voorraet van Victur geprosideert te houden</Unicode>
                </TextEquiv>
            </TextLine>
            <TextLine id="r2l42" custom="readingOrder {index:41;}">
                <Coords points="2674,3710 2740,3700 2750,3690 2760,3696 2787,3689 2797,3696 2807,3686 2830,3692 2870,3662 2890,3662 2889,3585 2843,3589 2829,3579 2773,3596 2729,3587 2696,3604 2673,3601"/>
                <Baseline points="2691,3674 2717,3677 2743,3678 2769,3677 2795,3675 2821,3674 2847,3675 2874,3677"/>
                <TextEquiv>
                    <Unicode>350</Unicode>
                </TextEquiv>
            </TextLine>
            <TextLine id="r2l43" custom="readingOrder {index:42;}">
                <Coords points="21,3799 2560,3864 2582,3711 371,3723 23,3622"/>
                <Baseline points="38,3789 164,3785 290,3783 417,3782 543,3780 669,3780 796,3782 922,3783 1048,3785 1175,3786 1301,3789 1427,3792 1554,3794 1680,3797 1806,3800 1933,3801 2059,3803 2185,3804 2312,3804 2438,3804 2565,3803"/>
                <TextEquiv>
                    <Unicode>20: d„o den Vaendrigh Jan van schrick, met sijn vrouw 3„ fa:nelie licentie na ’t patsha</Unicode>
                </TextEquiv>
            </TextLine>
            <TextLine id="r2l44" custom="readingOrder {index:43;}">
                <Coords points="2636,3913 2713,3904 2741,3923 2760,3914 2787,3923 2856,3898 2893,3905 2882,3756 2796,3762 2779,3753 2705,3802 2688,3789 2629,3804"/>
                <Baseline points="2651,3893 2676,3893 2701,3893 2726,3891 2751,3889 2776,3886 2801,3884 2826,3882 2851,3881 2876,3881"/>
                <TextEquiv>
                    <Unicode>351</Unicode>
                </TextEquiv>
            </TextLine>
            <TextLine id="r2l45" custom="readingOrder {index:44;}">
                <Coords points="534,3943 563,3938 605,3959 655,3960 722,3916 789,3929 809,3914 849,3912 844,3829 813,3820 732,3855 656,3816 643,3824 609,3806 573,3818 526,3811"/>
                <Baseline points="549,3894 574,3896 600,3896 625,3894 651,3894 677,3892 702,3890 728,3888 754,3886 779,3884 805,3882 831,3882"/>
                <TextEquiv>
                    <Unicode>Wigen</Unicode>
                </TextEquiv>
            </TextLine>
            <TextLine id="r2l46" custom="readingOrder {index:45;}">
                <Coords points="10,3906 40,3908 57,3892 64,3896 71,3890 96,3912 107,3902 123,3903 139,3914 150,3905 170,3906 174,3840 141,3834 121,3840 108,3829 42,3825 32,3814 16,3813"/>
                <Baseline points="26,3888 51,3891 77,3894 103,3897 129,3897 155,3894"/>
                <TextEquiv>
                    <Unicode></Unicode>
                </TextEquiv>
            </TextLine>
            <TextLine id="r2l47" custom="readingOrder {index:46;}">
                <Coords points="224,4056 1965,4047 2006,3901 1562,3978 1193,3896 950,3947 741,3903 584,3972 225,3919"/>
                <Baseline points="242,4017 329,4014 416,4013 503,4011 591,4010 678,4009 765,4008 853,4008 940,4008 1027,4008 1115,4010 1202,4010 1289,4011 1376,4013 1464,4014 1551,4016 1638,4017 1726,4019 1813,4022 1900,4023 1988,4025"/>
                <TextEquiv>
                    <Unicode>sten den oppers ferman baret vormul met sin frouv.</Unicode>
                </TextEquiv>
            </TextLine>
            <TextLine id="r2l48" custom="readingOrder {index:47;}">
                <Coords points="255,4190 904,4138 1311,4219 1474,4152 2076,4193 2199,4159 2199,4013 1640,4102 1327,4026 255,4050"/>
                <Baseline points="272,4154 367,4149 463,4146 558,4143 654,4140 749,4139 845,4137 940,4136 1036,4135 1131,4134 1227,4134 1323,4134 1418,4135 1514,4136 1609,4136 1705,4137 1800,4138 1896,4139 1991,4140 2087,4140 2183,4142"/>
                <TextEquiv>
                    <Unicode>schipper Ian Wagem en Weder in Emploij geslin op ’t Jagt voorsout</Unicode>
                </TextEquiv>
            </TextLine>
            <TextLine id="r2l49" custom="readingOrder {index:48;}">
                <Coords points="16,4257 442,4336 2260,4299 2259,4166 2166,4153 16,4194"/>
                <Baseline points="32,4244 142,4251 253,4258 363,4263 474,4266 584,4268 695,4268 805,4268 916,4266 1026,4265 1137,4263 1248,4262 1358,4259 1469,4257 1579,4256 1690,4254 1800,4253 1911,4254 2021,4256 2132,4259 2243,4263"/>
                <TextEquiv>
                    <Unicode>4 doperhoefse van de fluijt desschaven voor gedane intujse Volle finmid voerheijl</Unicode>
                </TextEquiv>
            </TextLine>
            <TextEquiv>
                <Unicode>zooos

Seer
„ 13: d: E ondercooplinde dan oe toncktijs en steven schover hem tot adineten
d
N: 343.
bij gevoeght --
en hiebejde tot Coopluijden mel 60. gl: smaents terbetert
Nominatis van een gereguleert getal gequalificeerde dienaren. op Smallabaer
aen testellen

341
en de op: 3: op Coijlangh, Palicoilangh, Tranganoor, en Lanquoor, am den
Commissaris en Commandeur gedefeteert

om de disputen tusschen den Command:r en 2: pr soon op Coehim Vegh:tenen . . 245.
p sal den Commandeursigh met d’adminis statie niet Jnlaaten. —
maer de comptoiren als 't nodig: Visiteren . . . . . . .
de Command:r sal de sorge over de groote kas hebben - . - - .
en niet dan door den Cassier met sijn ordde werden uijtgegeven
de Commander en segunde op Malabar sullen Jaerlijx soo Velprovis:n
den dicecteur en tree in souratte vande Comp: geniete
Maer de verdre bijppoolsen met daer ordinari tantsoen moden te leden zijn.
16: d=o boperbooffden van ’t schip de briel voor gebanduijtuijse in E debreedn
toegeleijt
't onbeuame affgesaare schip brieden soode afftelogten, en te berkoopen.
verklading van deself  nig ne lijk
om de quade gemchten van den Javaenzen tegent Widrasaba tot Canjongpoura
„ 348
Salmen derreots ordoinneren te onderscaen Boemen den selven bequamelijcxt
souw konnen sonder gewelt van daer Herwaerts diinoveren - - -
adlis te vorderen met hoevel Volck de pogger op Canjongtoura, tegen eenige
Javaenze magie Wel: jouw konnen gedefondeer werden.
139
20 D: Stuxbaiboesen op Ca jongpouwa n 1 koopen . . . . . .
—
o’t schip den Eendragt on dermael tot affhad: van peper, naer Palembong aengelek
dienende met eenen de presentie onser scheepen aldaer voor ’t peper sluijcken

om de gede mindes der bantam nrs, obse buijten soeten in desentie te brengen, en
doorgaens van voorraet van Victur geprosideert te houden
350
20: d„o den Vaendrigh Jan van schrick, met sijn vrouw 3„ fa:nelie licentie na ’t patsha
351
Wigen

sten den oppers ferman baret vormul met sin frouv.
schipper Ian Wagem en Weder in Emploij geslin op ’t Jagt voorsout
4 doperhoefse van de fluijt desschaven voor gedane intujse Volle finmid voerheijl</Unicode>
            </TextEquiv>
        </TextRegion>
    </Page>
</PcGts>
