3097 4714
2625 39 2756 125 0„1
21 32 245 174 232:
77 157 325 309 232
640 517 2882 729 zijn verklaringe vastelijck geresolveert, en genegen
660 674 2904 836 waeren, haer voortaen na de bevelen, van de Comp:
659 788 2842 934 getrouwlijck te willen requeeren soo is daer op
48 782 670 966 faamet an ge ngen
677 905 2686 1030 goetgevonden, haer als nu met eenige sodanige
38 927 670 1021 „den te accomoderen, dogh
44 992 2860 1140 de Pieft van d’ammunren keeengheden te regaleren, daer met zij ons niet
25 1054 683 1151 &:r aen d' Hr. admiuail Huidt
55 1117 396 1242 te defereren
647 1123 2899 1294 en konnen beschadigen ende de eer dere adsistentie
658 1188 3019 1382 van Cruijt, en loodt, naer bevindinge van saecken
637 1312 2712 1475 huijner Compartement en gedoente, aende Br.
643 1405 2779 1605 admirael Anthonio Hurdt naer zijn komste op
639 1535 2587 1709 Japare gedefereert te laten, gelijck een gem
2569 1529 2708 1706 d
-10 1589 592 1746 En Haers t uijt de
634 1647 2762 1804 Jglisson, snlx bij een antwoort brieffje uijtte naem
28 1702 632 1813 naem Van Hr. Sel
16 1785 599 1917 ten autwoort de Geven
645 1779 2899 1949 van de Hr. Directeur Generael. Cornelis Seelman
655 1857 2968 2056 nevens verdere aenvadinge t' hunner eijgen besten p„t
657 1970 2830 2150 gemelten Carre roepa. jn ernstige en beleefde
653 2055 2360 2256 termen sal werden bekent gemaeckt,
735 2225 2844 2663 Baavia wt Airdel darinal Varen
2083 2680 2899 2911 Van goens
2608 2939 2827 3132 d
2104 3043 2892 3246 Vorthelmon
1932 3401 2943 3627 H: van Dn thoere
2695 3532 2850 3672 Ge
2064 3677 2927 3875 Van Camphujs
2033 4110 2242 4282 1
2241 4144 2537 4333 Elten
2149 4234 2429 4375 UE
