3180 4655
358 105 483 343 1
1126 180 1538 538 Mj
52 494 2683 671 o 2: d:o tot bewejlnnge ons ed„ Iaccatrarelanden een troef van 200. nderlands :
617 578 2623 750 En 3. â 400. Jnlanders naer marraberis en tanjongpoura te lande
643 661 1033 772 op te schidn
2595 658 2908 838 N: 95
391 718 1787 843 Ender de Capiteje, Hartsinck en mulier
2617 782 2688 895 „
126 823 320 913 _o
394 789 2611 981 de bantammers bij ontmoetinge te Insueren, dat zij door duse huisditie
655 890 1417 1016 niet mogen passeeren
2609 869 2756 1032 „
413 930 2747 1111 En bij vijandlijkbo t getinge derselver hin dan weder aen te tasten - . „.
2726 997 2893 1126 96.
198 1058 289 1174 —
412 1053 2729 1225 mosiden en Jongen bantamzen Coningh hier bij den brieffie beken temaken „
379 1135 2058 1287 Oim ndeh:ipedes sousousounangs niet te verflauwn.
2660 1216 2732 1313 „
380 1235 2724 1353 8P: de tambonia Verwagt werdende voor 1: â 2. maenden tot Contumatin
601 1302 1252 1423 p J: para tev boeke
2635 1341 2933 1466 „ 97.
379 1351 1933 1497 en de nede tebrenge ambonezen daeroock te houden,
374 1462 2495 1628 50. nederlandze, en 183. Jnlandze soldaten Voor afstot Gecouds van Hier
604 1545 1377 1674 1 Sapan: J: Ljden
84 1596 1890 1744 „ 3 d:o _in tedite den pper voor de Comp:s te bemaghtigen
370 1709 2715 1897 beborgen en paijticuliere vaert naer Palembangh Jn ’t geheel verbode . . . . - „
382 1790 1002 1928 gr 4000 ej
984 1810 2186 1952 1 mauritius na Palembangh te p
549 1902 2576 2076 per ande portugeeze nogh Cineze hroordze handlaeis ditmael te
706 1968 1183 2087 Vkoop...
706 2022 2372 2182 de goederen van enighbelangh Voortaen nietmier op 't
694 2134 1401 2258 Sta VVthoopn
319 2184 2608 2399 „maerin Comp. pakhuijsen te doen bjengen, en des dienstigh voor de Compag:s
680 2300 1152 2400 anten
359 2354 2547 2527 de Heident: n sjuw on'tverrie des handels te nemael te doen opbieken
301 2474 2522 2623 „lalende alleen de: ogl tot sninge der schlden ’t aesistene En 2al.
657 2548 1589 2678 J: bas rogh daer bijn.
364 2600 1916 2780 t sacts Expeinen voor Comonij ap dpljt.
97 2741 2556 2909 16: d:o _„o maccauws Portugees Cap: J. P: Affscagh van thoe op ’t Picol spiaulte
667 2821 1463 2954 gegenij om de Laage prijs.
2652 2840 3018 2985 „ 1:00.
366 2884 2531 3070 d Coopman Daniel Does tim voor heen Affgesz Gagie op —oijlo
668 3004 1572 3144 tot  354. W: dergoet te doen—
2706 3027 2904 3185 101:
352 3046 2453 3260 den onderscopman Com: desnes met sijn vrouw naer de Ebestcuct
673 3180 1572 3317 1 gaen om _ pro
2605 3176 2686 3354 d
380 3217 2737 3414 etronella huijs wed: van Gerit oen het bchiefitie van Hepudunn geaccad: „.—
373 3361 2596 3498 d D: E Cgulipp getoui tseegtn om tnefens de maijor: en Eqiprgiem:t de
617 3456 2209 3612 cheene pretentien, en verbeteringen aff te doen..
410 3562 2537 3698 saek, en pretentie van linikiko soone van Lousock vrdr aende Heren
646 3641 1597 3768 baederinerteren beholen telaten
2714 3642 2928 3780 102.
99 3655 2888 3906 10: d:o de: Chinees Candigua toegestaen na malacca te vaaren met ee: gehierde Chaloup - - „ 103.
361 3808 1802 3940 Pieten b: Wotsuijtnant abzouut 50. gb 3 her
340 3912 2489 4084 d eer Camphuis in plaets v= d heer V:  Koonn: het afsbetaare
643 4017 1453 4156 den Mantgezanbevoln
