3132 4779
84 26 286 209 336.
149 171 199 253 do
117 175 449 389 336
1017 678 2221 896 Savonds naert Gebeok
740 823 2825 1025 inde quaade misseverd gedoondens de handemde
678 1029 2853 1169 gennenn dat deselve niet alleen met allelisten
1502 1107 1591 1178 „ s
1589 1108 1679 1169 an
1676 1096 1730 1178 den
35 1160 2919 1319 op de dessementen den aneae onse omleggende gens ondersteijd tot Sammadang
57 1258 503 1392 bantammers
650 1268 2871 1424 damanoekan, Indermapoe Choribon, en self en tegagl
655 1344 2852 1564 doe ons, en die goede Ingesetenen soeken te ubleren
645 1474 2984 1647 maer oock selve wentlijck met dieijgementen van oorloge
644 1607 2853 1826 schijnen voor te komen, gelijck bij d’onsange advisee
659 1771 2857 1947 van den Coopman Jacob vandijck en sesoent Laes
661 1863 2880 2090 kome te blycken; de merserieuse delisecatie goet„
22 1893 610 2100 Aen hae on sud
16 2065 624 2165 albame tigen haed
643 2022 2762 2215 „gevonden, ons voortnst egens daer vors gaade
40 2125 645 2237 quade dessaijnen mede
38 2194 644 2300 in postuur van desentie
636 2171 2967 2345 deapnet mede pllomje in goettestuur en ter desende
35 2266 317 2382 te stellen
657 2301 2843 2487 de stollen, n. voor of soo verder handighste schepjes
25 2339 631 2441 en soo veel scheepjes, en
32 2433 589 2514 Vaertujgen te llaten
664 2387 2854 2582 den vaertuijgen telaaden ten oorloghvaedigh macken
49 2481 619 2591 maenaler
34 2554 436 2695 te tuijgen zijn
645 2559 2760 2707 alsmen nebequamelijck kan geweetuijgen, en
692 2691 2942 2850 ijdegen: daer desieen oock nogh soo Eeel beghante
653 2805 2875 2994 onsanese vaormijn, die trijm en van begeerlijcke
632 2938 2898 3159 wertbaerheijt sijn heen tebecomen, alser ietomen
651 3063 1809 3258 bij de hant en de vieden sijn
669 3073 2887 3506 Va en eder de e or
2162 3458 2722 3642 van ooers
2054 3601 2694 3960 h e
1729 3983 2921 4236 W:o van Dnthooris
2703 4131 2796 4284 1
2054 4286 2777 4517 Jan Canghijs
