3116 4689
12 44 97 236 25
2830 64 3025 211 13.
2757 237 3050 417 243
305 255 2480 762 Vrijdagh: 5: Augusto 1678.
685 659 2112 884 'smorgens Gxtraorden agij Vergidrinigh
254 1163 3081 1408 Sijn bij de p:r Soanmes banghuis voort gebraght Dspordien op desaken
138 1300 3071 1488 de pstuler uyt, de chest ontfange brieven uijt Bengallen J Vn Bougaien
229 1371 2483 1564 op dewelcken sodanigen beschij genomen, en verdersook
241 1486 2348 1679 belanggende de voornaemste soecken jn die dirgaie
2386 1559 2455 1633 —
240 1604 2497 1790 goet gevonden zij, alsuex te ordonnenen, en te rescuberen
241 1696 2104 1905 als hier onder kontelyck wert aengewesche
227 1854 2430 2044 esende dan voor eerst gedelidereert, omme gelijcke
232 2022 2278 2177 op Cormaadel jn Dengale mede te beramen
231 2081 2446 2296 een pakuarent vas ’t geseel: van nodige geqlantieig
229 2200 2980 2343 dienaren. op de respective Comptoiren 't gunt o tfecken dn een
2417 2330 2947 2432 d Pene t petl
224 2319 3035 2523 verscheijde consideratien- en motiven. best geaght ij ijgoo . „. le
2441 2463 3050 2568 den H:r J:o „ d E.
228 2424 2436 2573 den B:e oudnarij raadt Wilhem volges te samen
2462 2530 3070 2664 Verbingh te bevelen
211 2560 2432 2708 met den nieuwen Directeur d’E Jacob verburgh
233 2659 2446 2814 aenbevalen te laten, die daer van ginder jn Looo. een
216 2741 2262 2921 bequame, en pertneute overslage sullen konnen
2407 2805 3037 2940 ens dan odanigen
219 2834 2434 3036 maecken, en sodanigh ten meedendele oock al ginder
2454 2910 3051 3023 overstagn toe tesenden
231 2936 2375 3124 jnt werck stellen, omme dan verder na eaminatie
273 3066 2397 3271 het met onse approogtie te werden bekragttigh
202 3245 2473 3467 Gelijck dan mede verstaen wert dat jn die Dirertie
199 3403 3101 3600 boven den directeur, niet meer en sullen mogen Bar2 oppercoopluijden
2436 3530 3052 3639 als een in Cassiibasaer
208 3542 2363 3706 werden aengehouden, als twee oppercooplieden
2435 3597 3073 3716 enEen in ouglij voortaen
215 3636 2323 3828 namentlyck den eersten bekledende de functie
2431 3668 2759 3794 amte houden
230 3728 2254 3906 van't opperhooftschap ja Cassimabahaer; ende den
205 3842 2454 4056 anderen zoudende de generale, en vregotie boecken
208 3977 2436 4149 tot Juglij, zynde de derde jnrangs, en bij absentie
210 4107 2445 4263 van’t Cassimabazaerse opperhooft aldier de naeste
2197 4228 2456 4375 kenden
