3096 4689
8 417 143 507 o
29 3637 126 3741 1
273 466 2501 668 ondergesz: gecommitteert om de sluijt Duijnpliet te viliteren
271 637 2471 793 off deselve bequaem is, om eenige onkosten van timmestagie
263 709 2555 833 aente doen, en bevinde deselve over 't geheele lichaem van binnen
269 829 2482 980 en van buijten verrot, en na ’t afslaen vande verdubbelingh
243 928 2463 1062 die niet besonders was, zijn wij verwondert geweest dat
265 1039 2369 1175 het schip niet is gesoncken, alsoo de Eijckenhuijt seer
264 1115 2357 1276 schadeloos, en volgaften was, die 'er van tijt tot tijt zijn
275 1236 2489 1400 jngelleten, ende de agster steven is mede dwars door gebro„
270 1333 2490 1445 ken, en aen weder zijde verrot gelijck jnde pieck mede, en
266 1440 2517 1553 voor jnde hel, het spoor en slemphouten: verrot zijn, soo dat
258 1548 2493 1675 defocke mast op de steven neder staet, jn't kort deselve
263 1643 2463 1732 sluijt is jn't geheel onbequaem, om eenige onkosten aente
248 1726 2514 1877 doen en behoort na ons oordeel voor een sleet aen de wal gehaelt
257 1809 2266 1969 en verkoght te werden. onderstont, en twas getekent
243 1919 2463 2066 Jacob Geus Barent visser. Cornelis de Wit Cornelis Jonge
244 2017 2469 2192 en Albert de Reus ter zijde stondt jnde fluijt Duijnvliet
252 2130 1081 2310 adij 28e: Maert 1678.
258 2243 3030 2440 op welcke verklaringe dan na deliberatie goetgevonden, I: daarom Vers tien
2480 2385 3062 2484 de selve afteleggen, en te
243 2390 2805 2554 is, deselve fluijt te laten ontaeckelen, om voorts bij — Verkoopen
250 2502 2444 2675 openbare venditie aende meest biedende verkoght te
252 2594 647 2726 werden.
215 2848 2354 3053 atavia in't Casteel aatum als voren
2074 3059 2681 3291 Van des
1881 3351 2636 3599 andonn
1924 3490 2962 3726 p. A. Bentwater
2209 3643 3026 3860 Sever van Hoorn
2227 4299 3013 4520 Jan Campstuije
2366 4465 2492 4589 1
2224 4526 2565 4661 ordt
2823 161 2929 349 7
2912 8 3049 136 91
