3062 4581
7 25 149 157 20.
175 136 269 315 de
626 422 2742 619 aff godaen om de eecke huijd te besightigen, en bevonden
589 613 2860 767 dat geheel verrot, aen weder zijden benevens de onderste barck
622 707 2884 836 houten, daer wij eenige bouts met de hant uijt trocken toewel
644 809 2713 993 die nogh door de knies jnt ruijm quamen, en bevonden de
630 926 2808 1105 in Houten en oplangers jntgesteel vergaen, en geene
646 1053 2876 1229 een spijcker soude konnen houden de agster steven is doort
646 1149 2873 1348 spannen meest dwars door gebroken, de balcken, jut
637 1271 2836 1463 kuijsn zijn meest alle aende eijnden verrot, rusten op de
641 1387 2895 1581 hebben vande kins, die daer onder staen, de balck wegens
650 1478 2913 1658 en lijffhouten, kunnen met de sdant attaecken is weijnige heel„
644 1601 2858 1771 hout aende geheele wegernings ut huijem voor inde boegs—
643 1729 2793 1886 hebbent heel Rlegst bevonden, agtter inde pieck de rantsoen
645 1873 2985 2000 houter jut geheel verdaen, en de wegerings een groot gedeelten
653 1962 2881 2131 egh, ende res, dat de nogh aenbanght is verrot: voort soo —
658 2104 2848 2226 zijn de masten, en ander light ronthout aenstucken, en het
680 2177 2870 2371 staende wands, en lopendt, is onbruijckbaer meer soo dat wij
649 2307 2906 2486 oordelen, dat geen de minste onkosten, daer dient aen't Jaght
669 2413 2858 2574 gedaen te zijn, dan alleenlijk voor een sleet aende wal te
678 2570 2961 2682 saelen, ondersoont, en was getekent E: Geus. Jans Vermunt
670 2670 2889 2806 Pieter Hankes. Crnelis de With Evert van Brugge dit
700 2769 2879 2948 is ’t merck diC van Lodewijck Claessz: M:r Timmerman
60 2926 670 3137 Hn
816 2929 2990 3172 Ende is daer op na deliberatie goetgevonden het gemeste
69 3092 756 3256 zij afteleggen in te veroopen.—
725 3120 2921 3319 Jagst Huijsenburgh afte leggen ende aende eestbiedende
816 3248 1255 3405 verkopen.
2774 3356 2854 3489 0o
822 3358 2862 3601 so0 heeft de heer generael de vergaderings oock be„
70 3479 700 3696 de besorgens van d Htoo
715 3542 2910 3711 kent gemaeckt het gedane versoeck, ofte de vrage van
58 3622 696 3719 Dens Maetsuijheer
58 3694 721 3802 egrafscrisse. Vrager: Wie
708 3660 2884 3803 d Eds andries Zogaert, Joannes Camphuijs pieten:.
67 3765 695 3908 die onkosten balhitalen
719 3766 2951 3918 Camp: en hristiaen Poeeman. alle door dese vergaderingh
713 3930 2909 4083 gecommitteert geweest sijnde om te besorgen het
714 3999 2907 4171 vereijschte tot de begraeffenisse van zijn Ed:e de Heer
2560 4123 2926 4309 gouvern:r
