3164 4690
35 40 114 127 „
194 185 342 350 20
46 618 335 758 „ 13: d:o
117 806 238 930 —
2634 2204 2692 2297 „
2637 2665 2708 2762 „
1129 323 1516 575 1
2514 437 2921 721 12o
450 557 1687 729 En die ordres praesijs te doen aghtervolgen
417 641 2679 802 Songelimiteerd gastos van den Houv:r en andre op Cormandel affgeschaft 11
2668 679 2928 847 209.
424 771 2090 878 en een Vast Cractement Jaeeljx voor deselve opgestelt.
2612 820 2677 885 „
392 889 2596 997 de mindere suppoosten moeten met haer ordinarij fantsoenen te vreden wesen
2622 866 2692 1008 „
374 952 2598 1102 't opperhooft van Holconda In plaets van provibiurn, 50: p: ag:o sjaers toegeleijt.
2625 997 2698 1105 „
411 1042 2545 1174 't opsenden van Maiten pit in Hendrick van outhoorn voor voor Gualijck
2620 1117 2913 1246 „ 210.
759 1154 1322 1257 gedaen aengesien
417 1191 2526 1371 Geene scouwe persoonen off Commandeus sillen voortaen uijt Eenig
700 1309 2352 1455 Gouvernementen off plaetzen mogen Werden opgesonden
330 1304 450 1427 „ C:
2335 1329 2479 1428 —.
2634 1409 2704 1511 „
422 1391 2473 1540 sonder kennisse en toes Punninge Jan bat=a ten zij over grove fanten —:-
2624 1462 2737 1608 „.
373 1505 2247 1642 de goede, en bequame dienaren niet lightvaerdigh te vert Looten
2231 1525 2483 1638 — . - -
376 1580 2560 1740 de subaltenne ministers sullen haare fespectiee opp hooffden alzints naer
1903 1673 2042 1779 5
2629 1654 2909 1791 „ 211.
653 1678 1573 1802 behoorn, Respecteren - . . . -
410 1742 2624 1892 Opergeleeerde papieren van den Oppercoopman dit, en ondercoopman braeis
715 1871 2318 2005 tegens den Houv:r Caulier: hem in Copie toe te sliden
2623 1843 2681 2009 „
406 1962 2500 2097 als mede bekere ongeteekend: laster brieff tegen genielte aulier
716 2074 2246 2188 uijt Het Vaderlandt Overgesonden . - . . . . . . . .
408 2164 1766 2297 Om sijne verantwoordinge daerop te doen. -
392 2269 2480 2379 Als mede op de sordige bevindinge der Cormanderze tlegotie boeken van
1404 2369 1710 2473 - - -
726 2366 1340 2491 Ao 1676.en 1677
408 2411 2624 2613 sehi schepen sullen Voortaen van Cornandoe de Heijse Herwaerts mogen
2676 2533 2926 2687 „ 312
610 2534 2117 2686 nemen over malacia, dan bij Hooge noodt..
410 2619 2289 2761 en soo mede niet de west cusf van Sumatia aenloopen —
416 2701 2540 2871 opergeleverde memorie van dB:s Pavilioen wegens Comp:s saeken
169 2794 230 2884 —
1335 2858 1725 2960 —
784 2835 1345 2976 op  Cormandel
410 2909 1849 3048 nevens onse nader verklaringe op deselve - - - - -
2665 3024 2756 3114 „
2737 3004 2941 3155 213.
419 3001 2112 3171 tot naiche na Cormandel te laten mede gaen - - - - -
120 3117 2476 3275 d:o de Japanze goud Coubangis voor ’t benodigh dE Cormandel alhier onder
2753 3163 2952 3346 214
712 3213 2420 3359 gemeente te laten Inkopen tot 10. Courante fijxd. Jder
2652 3311 2722 3410 „
383 3295 2003 3454 alwas het tot 1½ â 2. Connen houts . . . . . . . .
2671 3402 2739 3487 „
403 3383 2552 3534 het Contant ontset nu Voor Aff na Cormandel te nemen op 350.8. gl:
395 3476 2490 3640 neten nogh 2. toienen aen provntie daelders, die dagelijk uijt 't patria
2662 3574 2758 3682 „
676 3623 1247 3725 Werden verwackt
418 3628 2105 3854 met Hope nogh 1. 2 2. tonnen te sullen laaten volgen
421 3768 2668 3901 din een nootsaekelijck fedres Inde mallabaerzesaeken te doen, en de geschillen
930 3911 974 3951 e
2704 3843 2940 4000 1215.
721 3877 2060 4021 tusschen d' Elobs, en losburgh te ondersoeken
435 3981 1425 4126 en tot Verlesser van d' Elobs
447 4028 2606 4248 vergeeligeert den Emarten Huijsman tot Commissaris, en Wijders oock
747 4194 1763 4308 tot Commandier van iallabar
