3097 4714
22 46 194 194 234
91 188 401 356 23.
642 521 2871 747 Alsoo den Coopman Jacobus Coupe, die wij gemeent
9 546 626 742 den ommen Jacob
642 688 2799 804 hadden, en mits zijne bequaemheijt en ervarentheijt
14 691 582 821 foupes sijn gagie te
19 777 592 892 Slaten Htilctien tob
637 773 2849 932 oock seer dienstigh agsteden, wederom in de expeditie
37 854 457 982 nader Emploij
649 874 2734 1061 onder de Ed:e Anthonto hundt, naer Iavas oostcust
642 994 2844 1142 te gebruycken, mits de sieckte van zijn vrouw, als
651 1122 2856 1273 anders tot nogh niet kan resoeveren derwaerts
659 1214 2933 1388 gaen. is goetgevonden jngevoege van onse vastgestelde
639 1319 2754 1490 ordre desselfs gagie van heden aff te doen cesseren
632 1415 2868 1601 tot hij na desen weder jn emploij sal wesen gestelt.
636 1537 2794 1771 Gelijck dan oock met eenen verstaen zij de gagie
33 1593 534 1773 En soo oock de Pagt
562 1666 2807 1833 nd van den Coopman Everhard vander Schuur, nu
35 1747 550 1859 van den Coopman
10 1810 2666 1966 vander schuur aftrg kortelinge mede met tamelyck genoegen van
677 1925 2913 2097 Japare te rugge gekeert, jn gelijcke maiere van nu
647 2022 1822 2198 aen te laten afschrijven.
750 2388 2802 2605 Batavia jit Casteel datum als Voren
2113 2599 2705 2799 Vangoejs
2099 2769 2788 3119 tee
1951 3253 2918 3539 Ml vjn Den thoe
2021 3523 2724 3736 JoanJamehuj.
1955 3927 2503 4180 Me
2214 4098 2350 4209 van
