3225 4667
947 310 1646 512 Tertember
2675 473 3028 634 323
65 436 1853 681 â 6: d:o d satificatie op ponnecail als nogh, te declineren.
336 547 2589 756 maer een der kercken aldaer in plaets vande bouwvallige logie tot Cut:: ten
598 681 1186 814 te appropriere - - -
2721 775 2810 919 1.
348 724 1941 880 de besettinge van Chilarup d' Heeren M:r voor te dragen.
330 842 2690 996 den zoom der zee op Teijlon tegen't verboeren van Lanneel, en aeck doorgaens
611 964 1297 1102 name te bekruijssen - - - -
350 1046 2682 1208 Tot: gmbarbatticalo, Cotjar: Off Jaffanapatnaus z:t geentaert, off Pandel altoos
610 1166 1015 1281 te gedogen . . .
349 1235 1969 1403 de borgerlaert op Eeijlon mede in ’t geheel Jn te toomen.
2813 1237 3029 1395 324.
320 1343 1539 1513 en de goede Wat niet landen te beneficieren
319 1411 2736 1603 soracint getal van gequalificeerde dienarin, en militaire hooffden: in’t houvernemen
497 1547 1478 1707 Van Ceijlon bij ordinare tijden .
324 1665 1273 1821 n vooreerst tot Colombo -
2790 1732 3022 1871 „ 325.
385 1778 971 1937 stenij op Negombo - --
349 1897 688 2029 op Caliture
345 1922 1797 2118 In't Commandamant van Hale- . . ..
303 2084 2663 2238 de specificatie, en besnoeijinge van ministers op batticalo, en tricoenmali
2829 2143 2998 2322 se
690 2195 2100 2343 Wat aen d’ H:r Goup:r van goens gedefereert
263 2297 1963 2491 / maer geen Capiteijns sullen daer nadesen nodigh zijn
273 2431 2510 2568 t Coiormandement van Jaffanapatnanm na Dat: van Hals te feguleren
353 2535 1217 2676 Project oock op Nagapatnam
272 2547 361 2660 „
2803 2602 3065 2774 328.
347 2607 2047 2763 dogh wert oock aen ’t goetvinden van d H: Houv:s te defeveert
335 2733 1989 2863 en soo Jnegelijx mede omtrent den omniislaghs op tutucorin
256 2848 2401 2987 „ 12. predikanten werde, oock jn't Ceijlons gouvernement genoeg:s geaght
419 2953 1299 3093 n Verdeelinge derselver-
317 3056 1162 3200 „ Ham 1:. kranicksesoekers
377 3171 1939 3347 die niet hooger mogen winnen als 24: ff 30. g:.
356 3298 2729 3415 denGouverneur van Heijlon in d Jaste tapt van Jaechipe mt procisien
2785 3351 3056 3522 „329:
619 3404 1209 3536 nogh niet te bepaalen
351 3479 2842 3639 oor de bordre ministers aedaer moeten met ssadr tantsoenen, te vredt: neen„
147 3627 1714 3806 ot voor de Commandeus op Chij ko
361 3765 2347 3888 tan Voor de Commandanten op Nlagapatnam sin Tutucorijn.
350 3840 2585 4033 de huijshren aen diverze dienaren op Ceijlon. mittertijt mie te doen ophouden
280 3938 2644 4124 alsoo ’t mitte swaare tat Ten op den voorgaenden Voet op Ceijlon niet kan
604 4095 1468 4321 vgaende gehouden worde
