3045 4524
48 2998 271 3157 6: d:o
2841 -406 3025 125 1
1308 286 1729 496 en
20 439 2549 662 2: d:o gemobeerde sonaeere de desie vandheer van Jat Tekegens den Bujijs
2747 521 2972 695 67:11
518 581 1977 760 Lasafaija van bone or begaane vioort.3
269 649 2496 869 den als:s adiae tmand inet sijn rouw en Janners noor danda gels de ej
535 816 1948 930 om eaer weder in Enkon tekomen
279 878 2099 1092 't Jagt dexpenineie voorsst nae ternaten aengeleijd
281 927 2872 1181 ’t Jagt samnnsers nog tot verdeninge onder de somge waer Iidenuais te teden . „ 968
276 1087 2639 1292 met ondgeaendentonder op tegenwrdighinds d fegen beijsoen geen opteghen dia
602 1240 1917 1354 Samadangh: Hf eeders te lande t onderminggn.
317 1256 2740 1465 maer de gemaekte pagger op Intennaio deser te souden met 49: â 50: kicrinan . .„
284 1447 2669 1599 d'E Conpertogsogl beruijtsotimen van Catwanghtot Reubon, en tegaltoe
2592 1502 2669 1608 „
612 1530 1041 1659 aenbooden..
2611 1601 2685 1711 „
306 1613 2183 1774 de corespondentie met de princen van Ldekbon de onderzouden
2607 1735 2706 1831 „
289 1728 2243 1899 en magh d’ ECouper daer toe vel persoonelijk aar eens aengaen
2608 1815 2701 1956 „.
303 1847 1614 2010 om hun eijgentlycke Intendie te ontwaaren.
2615 1931 2678 2055 „
296 1869 2576 2116 en't versoek der engelzen om kogie aldaer des mogelijk Jugteloos te maeken
298 2023 2534 2233 op tegaal magh /in mede de flegligente Javaenze beganden Wwel eersbeten tot
2603 2105 2885 2293 „ 409
577 2149 1865 2327 haer vnde aenanen d
2624 2279 2701 2340 „
298 2179 2456 2468 om dat die hooffden Jn't beguard der bantammerstalvsherte tsnen
286 2356 2569 2566 en ert daer om bij d’ordre In't tepuard der bantammets als kisdelte looers
568 2515 1613 2701 bij oneweringe gpag gpas:2ert
1810 2571 1895 2664 1
336 2541 2513 2834 d’E Jacob zonder gdnstigh versoek gegecorpert een vrongsoghvr temogen
571 2695 2429 2924 Berwaerte ven soo geber Can van Sreken sulx kan bijden
334 2839 2680 3011 om ons vanden toestant derwaerls moandelingh tappol te doen - - - - - - - - „
304 2909 2548 3090 de maleijas betijers, amlanisen: Bandane sen, en pantanderste desen ofjde
556 2976 2906 3208 onder basteofficieren in totten van 100. koppen te verdeelen . . . . . „ 410.
327 3131 2126 3353 om kant als meese nodige heeft in te beter ordre te Houden
2573 3183 2818 3361 „2
302 3247 2140 3425 over de buijten forten 2. in plaets van 1apitejn tstellen.
265 3346 2347 3547 oer vorzik o Jacat Kopanijcg, en Coutlang
270 3512 2440 3660 „en dende geedseijde om Lijstlijck Vijffsoek. en beden hgech . .
2676 3517 2831 3695 6
333 3558 2604 3778 daer toe de capiteijnen parthick voor d’oos, en Barman Ebeets. voor de
610 3715 1470 3862 Westzijde sijn genomindert
2670 3773 2756 3893 1
374 3747 2599 3989 gemt optijnen ook gestelt tot hooffden over alle de Jaarmen Balijen
2593 3874 2886 4028 „481
623 3894 1910 4033 en aleijers, en berdre ulanders buijten d:
1907 3993 2937 4144 e 1: „
283 4011 1228 4215 E: d oer deriaedschi
2448 4103 2761 4255 . . „
353 4129 1399 4313 die onder den Coonel blijven soreren
