3191 4751
59 24 247 191 198
62 276 263 492 198
944 296 2663 711 ijdagh 8: Julij 1678.
563 1008 2984 1244 Dewijle eenige p:l keercken, onser generale secretarije
597 1180 2730 1286 tot haer nodigh, onderhout, en mits den swaeren dienst
596 1255 2781 1391 aldaer, om wat verbeteringe zijn versoekende, soo is om
590 1372 2761 1508 het werck aldaer niet te meerder lust, en trouwe
582 1459 2831 1613 gedaen te hebben, ende de suppoosten, jn goeden yver te
602 1560 2685 1733 behouden; naer deliberatie verstaen, boven en
24 1682 2902 1824 Op de Generale schitrijbehalven den secretaris, en eerste klerck, aldaer aen
2881 1744 2931 1815 —
20 1791 626 1910 80. Van tediart en
611 1807 2953 1971 testellen;, een getal van 10: stucc ordinarij vaste kleequen
36 1865 605 1975 10. Extraerb. Cerche
48 1940 454 2062 aen te stellen
611 1927 2860 2081 en oock gelijck getal extraordnarije, ofte wel soo veel
591 2034 2854 2225 als 'er na de gelegentheijt des tijts, en voorvallen van
608 2148 2826 2341 saecken, en diensten, nodigh sullen vereijsschen; ende
601 2303 2897 2473 sal dan om de gemelte suppoolten, na redelyckheijt te
33 2367 615 2530 ende Grdinaaij 30. ge:
619 2398 2865 2557 alimenteren, de voorschreven ordinarij klercken van nu
39 2493 612 2604 met ondercoopmans
605 2511 3034 2680 aff werden toegevoeght, een beloninge van dertigh guldens
32 2579 537 2692 Tractement toet
31 2649 311 2776 Voegen
603 2643 2913 2835 ter maent benevens ondercoopmans Cractement stem,
512 2728 2861 2905 de extraadnare twintigh guedens zedert datse daer
596 2894 2988 3058 tot genoegen sullen werden geemploijeert, en hoedanig Ed
606 2998 2831 3202 dan als nu, eenige van 10: tot twintigh guedens zijn
38 2968 585 3149 eenige Loov Curha
52 3116 574 3222 als mi Van 10. tot
603 3119 2771 3305 gvavanceert, mits deselve oock wederomme zullen
36 3188 550 3308 20. gl. Verbetert
604 3246 2863 3411 werden afgedanckt, en tot de vorige gagie serstelt
583 3342 2836 3523 bij aldien zij huij Elders jnne komen te misgaen, ofte
601 3458 2850 3634 naer latigh jn haeren dienst bevonden werden &:a ende
599 3572 2735 3752 sonder dat dese onse expresse dispensatie jnde ordre
35 3565 547 3738 Sonder dat Eeze
36 3693 580 3802 dispensatie Elders
603 3682 2959 3849 en behoudens 't respect der Heeren meesters, elders anders
44 3769 489 3862 Canders van
24 3837 599 3943 consequentie Sal zjn
598 3801 2904 3982 omtrent, jn eenige consequentie zal mogen werden
596 3940 1106 4111 getrocken.
609 4125 3021 4324 Haer demael den Capitain Claes Pleun, op 11acasser.
2741 4341 2936 4447 mits
