3081 4660
48 9 257 166 222
120 145 382 292 388
2758 205 2829 315 7
35 548 2711 724 Of dat hoij sulix niet Jnder maeijoe komen jnfesteren, om dat wij sulx
5 641 543 779 sullen gedogen
554 666 2906 834 gansch niet sullen gedogen ma met alle vermogen
632 777 2739 903 traghten te beletten:, hun metteun versekerende
19 851 2842 1034 Bet versekeeinge adas van onse opreghte en cincere jntentie, die alleen is.
22 978 629 1083 van onse goede Jntentu
591 991 2853 1143 streckende om de rus te op dit Eijlandt tova
44 1045 613 1162 tot tiste des lands
631 1119 1281 1287 te bewercken.
506 1426 2911 1637 Nademaels bij repolutie van een gisteren vat 'tgestelt zij
560 1562 2835 1721 den Oppercoopman Dirck de Jonge en zijn secunde
624 1698 2846 1814 Gillis goofsens uijt Siam, te laten herwaerts opkomen
638 1777 2868 1920 so0 is althans wederom tot oerhooft, van dat Comptoir
32 1761 637 1935 den Coopm: Aeroutfaa
36 1883 601 2002 in plaets Van dirk d
635 1896 2952 2011 v^ zijne aenbiedinge geeligeert den Coopman Karnout
19 1964 588 2057 Jonge geeligeen tot
643 1995 2747 2131 saa; zijnde een ervaren Dienaer van beproefde
51 2027 621 2134 Opperhooft Van Siam
15 2093 612 2225 en gevordert tot Oppcoopn
634 2097 2749 2253 trouwe en bequaemheijt, en jongst als secunde
28 2167 443 2292 met 70. ge
654 2177 2964 2338 vande voijagie naer Mocha hier weder, aengekoulen
640 2295 2929 2414 de welcke daer nevens met eenen wert gesonordert
635 2424 2882 2584 tot de qualiteijt van Oppercoopman, en bij zalveringh
629 2485 2827 2684 verbetert tot seventigh guldens ter maent heden
624 2620 1072 2779 jngaende.
646 2909 3003 3083 elijck hem dan oock tot tweede werst bij gevoegts
35 2950 2838 3161 Sen den ondersoopm: in plaets van 5:' goofsens, den ondercoopman Albert
22 3064 678 3183 Albert Hopman Strinde
30 3141 369 3259 van Siam
634 3126 2990 3261 Copman present. bestheijden jut zoedij Comptoir
645 3210 2935 3364 en die mede van goede getuijgenisse zij, onver mind
643 3347 2925 3478 nogstans, dat den Coopman Joannes. Breekel
38 3347 608 3471 Doon in Aangh naest
52 3429 621 3551 et ligors opperhooft
638 3438 2850 3603 op Ligor, de naeste aen't siamse offerhooft jn
72 3512 620 3641 Joannes Brackel
637 3542 2381 3721 rangs wert geconsidereert, en gehouden.
506 3744 2925 3951 ermits de tijt begint door te schieten tot uytvoeringe
649 3896 2893 4032 van ons voornemen, op Javas Oostcust, soo is tot
652 3984 2871 4128 meerder voorsprestinge vande Expeditie onder dE Hr.
2525 4168 3028 4289 Admirael
2962 375 3095 507 4
