3176 4597
2905 36 3110 183 431
2843 182 2962 343 4
1143 228 2870 645 Vn ovembo 15
508 708 1794 933 en Paep Dot
2325 724 3151 900 D Da  M aer Pn
2671 876 3143 963 deven van Malaca
417 876 3154 1029 bindnee ct van malacca ier aangelant e n EEde Gekonmen Matus
2650 998 3086 1085 Cordinarij Sart
544 973 2620 1138 bndinge dr sekenen beedende; En is bijtE: afteeedegs
2653 1045 3152 1162 d in Raade Van India
2651 1132 3082 1247 beedigt: in Cissie
2017 1119 2954 1311 ssee sijnen
1990 1209 2499 1370 j alerenb
511 1331 747 1429 oon
1112 1336 2452 1498 waarn van Indig aansamen van
608 1399 2332 1586 ee gouvernom gernrae wadde degeeget, min
658 1541 1807 1696 cons well geligt geovensee
482 1784 1967 1989 nede Comppir toeenlange wjde
2323 1796 2594 1991 n
825 1911 2506 2107 de slegete deneeden van het Jongst gemaacktig
2675 2008 3148 2167 den Copman Tan
1062 2028 2644 2210 de Comp: doenog: gemelen; de goetgevend
2666 2129 3167 2241 Van legnen andama
571 2152 2589 2325 cooman van vel boena ederdm als Sommissaris
2663 2201 3126 2327 als Commissaris
2652 2268 3129 2390 naer Palambangh
416 2260 2367 2439 maar a sonden, en hemmegen de zorge we
2662 2334 3044 2447 Affresenden
416 2362 1814 2561 dt len onder de add
2665 2407 3134 2520 en et eenen ook de
2700 2497 3102 2600 over Jambij
2667 2540 3036 2661 te beveten
366 2496 2633 2701 aen iweckers transport, als tot overs de besters dan
2629 2613 3140 2747 de slangd sartenbiung
446 2634 2588 2832 „gemeete compiten is aengelegtt de fenje savenburgl;
2648 2702 3145 2850 derwaerts aengeheijt
264 2770 2719 2947 nde vjsmem drsn den gemelende dan van loenc
305 2912 2606 3098 om sijdne lange daarige diensten; en het goeegenougen dat hij
309 2988 3139 3201 ons in sijne Congis te ommissie oldactheefd gegeven, bij Gin: Banlie
2622 3151 3075 3253 mits lange tijts
286 3087 2527 3342 desen te Condreren met de qualiteijd van oppercoopman
2670 3206 3085 3297 Expiratie en goede
2652 3259 3151 3382 diensten geadvanceert
292 3238 2507 3458 onder een beloninge van thentigh giedens der maandt
2649 3341 3114 3448 tot oppercoopman
2616 3406 3156 3546 met 80. gl. van 12 mj
751 3391 862 3551 dn
981 3396 2899 3603 maij vassel dnt dot de Eerstemael nade ssfad
313 3495 1494 3690 voorsz palembangh is verboocken
596 3663 2712 3877 mts een Hesident Joanne Bilhoorn, en den becunde
284 3829 2594 4003 Pieter tm tot verantwoordinge van haer Clordigh
2282 4019 2605 4137 gedoende
