3022 4619
13 60 252 228 214.
52 203 234 353 214
732 282 2594 670 Woors dagth 13 Iuij 1630.
1136 637 2565 823 naar de middagh Parraord:s Vergaderingh
649 1067 2781 1297 dewijle men agstervolgens onse jntentie en vge socutie
630 1208 2886 1346 van den 14:e Junij laestleden; de japanse goude Coubans
630 1331 2763 1475 alhier niet wel kan bemagttigen, met het gelt daer
645 1453 2824 1554 van byde Compt: op jntrest te houden, ende dat het
624 1546 2866 1673 silver op Cormandel, niet dan met schade kan werden
639 1643 2982 1825 omgeselh, welcke benodighde Directie, egster na zht
631 1742 2960 1890 vermogen, met contant Capitael moet werden gesecond:
16 1820 2959 2038 de Sipande Goude Eaubans soo is althans bij nader deliberatie ten meesten dienste
9 1933 2891 2106 voortsehegde Cormanden van de Comp:s goetgevonden, de goude Coubans van
2 2003 620 2121 alhier onder de gemeents
13 2087 623 2177 te laten Inkopen tot 10.
625 2083 2856 2245 behoorlijck gewight, en alloij; te laten jnkopen, tot
18 2148 517 2285 Courante HD Jder
628 2183 2855 2345 t hien rijexdaelders in courante betalinge, van silvere
623 2280 2872 2398 spetie, om voor de Emportante Cormandelse Negotie
631 2403 2941 2512 te dienen te meer die Coubans dogh anders even wel
638 2506 2821 2623 door particulieren, en vremde, derwaerts en Elders
630 2570 3036 2743 staen te werden vervoert, ende ouse Cassa jegenwoordigh
625 2710 2932 2853 alhier van silvere munte tot betalinge deselver al
-7 2691 627 2856 alwas het tot 12: 2
14 2836 394 2948 Tonnen gouts
632 2839 2935 2969 was 't tot 1½ @2: tonnen gouts, nogh redelijck wel voorken
622 2914 974 3045 bij &o
617 3030 2911 3230 telijck dan verders is vastgestelt, het contante ontlett„
8 3060 575 3249 Hot ontant onthet r
-3 3198 575 3311 Voor af na Cormand=e
618 3199 2824 3329 voor gemelte Cust nu voor aff te nemen. op 350
4 3253 579 3387 te nemen op 350 8: gr:
620 3295 2884 3445 H: soo in goude als silvere spetien, behalven nogh twee
-6 3340 602 3474 eden nogh 2. Tonnen aen
618 3387 2841 3558 tonnen gouts aen provintie daelders, die daeghlijcks
1 3444 522 3554 provintie drelders die
-9 3501 515 3593 dagelijx uijt ’t Patria
623 3476 2835 3618 p:r 'tschip d’ Europa, uijt het patria verwaght,
-1 3569 494 3697 Werden Verwaght
607 3583 2864 3743 en daer bij sullen gevoegst werden, alwaer’t schoon
532 3676 1645 3855 datse jndestraat sunda
1685 3699 2780 3875 bij renconteeringe mosten
611 3783 2958 3975 werden over gescheept, ’t gunt dan na de presente gelegenth:t
1693 3917 2849 4060 wel zal konnen palseren
622 3910 1661 4056 van ons vermogen al vrij
0 3996 2892 4164 met sape wijk ta2 sonmen iet hoope dat men buijten des met de naesse besendinge
7 4096 542 4227 te sullen laten volgen
2555 4172 2726 4275 En
