3058 4621
2 196 66 299 8
43 -3 237 136 182
70 131 296 289 182
33 423 605 584 D' asaas te Stugt
91 552 607 664 Austg off verblijff
13 563 618 726 Voor ven saer aln sijn
28 684 520 781 selff met den
52 742 385 859 Gedeseties
28 1022 628 1204 den Coopman Jacob
22 1159 627 1275 Tetagen aldaer geadvan
41 1226 644 1336 tot Oppercoopmandeet
31 1305 441 1442 15. guldens
26 2326 642 2470 de Cooplieden schagen en
30 2432 560 2552 Keeser goet t doen
31 2509 610 2612 2oo, tegien silver, in
18 2581 629 2680 Hockzieuwlaest aen haer
13 2642 291 2754 vereert
29 3148 562 3296 d’ ongenomineerde
48 3260 535 3363 schenchagte van
48 3328 511 3450 timeussiancon
40 3546 646 3706 Weder op gelijkemanierd
34 3678 561 3770 met de Waerde Van
39 3743 552 3845 900. P: te laaten
27 3810 522 3942 Becompriscren
25 3951 558 4083 d' Nasar sal als —
25 4042 670 4154 Commisaris op 't gedonte
20 4117 641 4224 V onse ik Pochen
28 4185 565 4304 namkenrigh letten
668 448 2782 589 Dat het verblijff van d Csasar voor den Jaer in
640 577 2845 717 Hocksieuw, tot beter vast stellinge der negotie aen
637 690 2841 804 zijn E: eijgen, en des raadts, overlegh, na den toe„
633 780 2906 917 draght van zaacken wert gedefereert gelijck mede
614 903 2860 1076 off den Coopman Jacob Schagen, jn sulck geval eens
645 1006 2966 1177 soude herwaerts overkomen, en denwelcken althans
650 1131 2904 1328 op sijn overgekomen versoeck schrift, en de goede gpe
643 1271 3069 1430 diemen van den Chinesen Landel nogh is hebbende dewijle zij
641 1381 2836 1539 het opperhooftschap, aldaer zedert de doot van d’E:
641 1507 2896 1690 Gielis van Breen, heeft bekleedt, wert geadvanceert
636 1645 2946 1794 van Coopman met 60: tot oppercoopman met 75 guldens
638 1771 2930 1901 ter maent om zijn nu Lopent verbandt alsoo uijt te
633 1861 978 2028 dienen.
649 2099 2881 2290 telijck dan oock aen den selven behagen, en den
624 2227 2953 2412 Coopman Louis, de keijser op hun versoeck, in vergoedingh
659 2336 2846 2523 van eenige bij haer gedane Extraordiuaris onkosten
2829 2405 2922 2520 _
640 2441 2824 2597 alhier zal werden ooetgedaen, de waerde van 200:
647 2554 2822 2708 taijlen silven, die haer jongst in tocksieuw, vanden
633 2670 2868 2824 poetsiensij; ofte keijsers Rentemeester; tot een ver„
639 2762 2901 2925 eeringe waeren geschoncken, en door hun aldaer jn
616 2883 1660 3072 ’s Comp:s Cassa getelt.
714 3066 2878 3214 ende aengaende de schenckagie, van 100: stx pelangs
2853 3097 2973 3253 3
643 3194 2926 3298 En 100: stx fielangs, door den Ed:. Timpinsiancon, broeder
645 3291 2793 3425 vanden gewesen Coninck Singslamongh, laest met onse
638 3377 3010 3518 schepen, voor de Hr. Gouvern: gener:s overgesonden, sonder
654 3495 3005 3645 daer van in zijn schrijven, jets te melden, is verstaen
665 3642 2918 3773 de Br: Casar, weder sonder van tespreken, sulx met de
1701 3720 1816 3795 dub
658 3749 2962 3880 waerde van ruijm 900: rx: te laten reconspenseren, En
660 3830 2861 3958 zijn E: oock wijders aente bevelen, op het gedoente en
2860 3832 2950 3966 —
660 3941 3060 4091 huys houdinge van onse tegenwoordige suppoosten, jn Hocksieun
665 4048 2989 4216 en door gaens, als Commissaris, nauw reguardt te nemen
2706 4185 2829 4289 Rn
