3104 4580
11 21 166 161 66:
2153 115 2202 268 on
158 141 361 348 60
800 292 2872 693 Vrijdagh 18:' Mart 1678.
602 1008 2725 1216 Een Commandeur Jorepsaes vosgs met het schip
639 1172 2762 1340 Zuijdpoesbroeck den 22:' april 1677: hier van Ceijlon
645 1294 2757 1486 aengekomen genegentheijt gekregen hebbende om jn
640 1399 2889 1595 plaetse van na het Vaderlandt te vertreckene
85 1406 576 1579 den Commandeer
88 1537 2910 1656 Ptrhaes Vosch groojsigh alhier eenigen tijt buijten ’s Comp:s dienst te d:
102 1618 668 1708 sigt alhier buijten Comp:s
667 1636 2884 1788 erneren: heeft als nu versoght dat hem sulcks moghte
111 1675 651 1810 dienst te mogen erneren
653 1729 2931 1925 werden toegestaen, mitsde vrijseijt en gunst genietende.
654 1863 2954 2064 om na desen jn deselve zijn qualiteijt te mogen repatrieren
652 1955 2890 2176 ende onderwijlen alhier sodanigen rangh als dese vergade„
654 2078 2814 2264 ringh, gunstelijck soude bevinden te behoren, waer op
2794 2156 2888 2257 _
653 2189 2901 2399 gedelibereert zijnde, soo is goetgevonden, hem het voor„
649 2321 2841 2469 noemde versoeck toe te staen, en zijn gagie te laten
2830 2398 2897 2497 „
88 2388 667 2555 Van :o fes: de tJaes
659 2438 2928 2614 afschrijven ofte ophouden, zedert ult:s februarij deses
118 2523 652 2651 mits behoudende zijn
97 2585 341 2713 Bangh
653 2518 2925 2698 jaers sullende wijders behouden de rangs voen Command:
641 2662 2868 2863 naest aende jongste van die qualiteijt jn Comp:s dienst
642 2777 1696 2955 werdende geemploijeert,
582 2920 2904 3143 de H:r Laurens pit, ordinaris raadt van India heeft
655 3094 2868 3243 als nu jn vergaderings gebraght, de reeckeningh der
69 3048 617 3232 Reeg: Vant Cleer
98 3179 638 3285 zegel hebbend zedert
673 3206 2984 3379 jnkomsten, van’t kleen zegel. jnden tijt van 28: maenden
75 3243 654 3357 Novembr 1675 op gebra
105 3303 528 3447 9213 3/ Realin
658 3296 2836 3509 en na dien daer van Zedert 8:r November 1675: bij
661 3412 2874 3612 resolutie geen aenteeckeningh gehouden zij, soo is goet
661 3568 2828 3702 gevonden. ende verstaen, het selve als nu weder te
668 3673 2843 3818 laten geschieden, gelijck van outs gebrujcklijck is
661 3791 3045 3981 geweest/: luijdende de voorn: over gelegtde reeckeninge
665 3883 1133 4057 als volght.
665 4013 2881 4213 Zedert 8: November 1675. dat de verkoghte Zegels
2651 4192 2854 4328 inde
2967 1424 3031 1528 8
