<?xml version="1.0" encoding="UTF-8" standalone="yes"?>
<PcGts xmlns="http://schema.primaresearch.org/PAGE/gts/pagecontent/2013-07-15" xmlns:xsi="http://www.w3.org/2001/XMLSchema-instance" xsi:schemaLocation="http://schema.primaresearch.org/PAGE/gts/pagecontent/2013-07-15 http://schema.primaresearch.org/PAGE/gts/pagecontent/2013-07-15/pagecontent.xsd">
    <Metadata>
        <Creator>prov=University of Rostock/Institute of Mathematics/CITlab|PLANET AI GmbH/Gundram Leifert/gundram.leifert@planet-ai.de:name=Dutch Mountains (18th Century)(htr_id=21683)::::v=2.6.6
prov=University of Rostock/Institute of Mathematics/CITlab|PLANET AI GmbH/Tobias Gruening/tobias.gruening@planet-ai.de:name=de.uros.citlab.module.baseline2polygon.B2PSeamMultiOriented:v=2.6.6
prov=University of Rostock/Institute of Mathematics/CITlab|PLANET AI GmbH/Tobias Gruening/tobias.gruening@planet-ai.de:name=/net_tf/LA73_249_0mod360.pb:de.uros.citlab.segmentation.CITlab_LA_ML:v=2.6.6
Transkribus</Creator>
        <Created>2020-09-07T17:36:57.195+07:00</Created>
        <LastChange>2020-09-07T16:07:09.307+02:00</LastChange>
        <TranskribusMetadata docId="471980" pageId="19528356" pageNr="170" tsid="39443177" status="IN_PROGRESS" userId="15017" imgUrl="https://files.transkribus.eu/Get?id=MHLWLVXKPLOQGJXZQOXCKNLF&amp;fileType=view" xmlUrl="https://files.transkribus.eu/Get?id=TMIBRTEKNKDQGQKPFZFYADQB" imageId="15088193"/>
    </Metadata>
    <Page imageFilename="ID-ANRI_K66a_890_170.jpg" imageWidth="3051" imageHeight="4591">
        <ReadingOrder>
            <OrderedGroup id="ro_1620456107081" caption="Regions reading order">
                <RegionRefIndexed index="0" regionRef="r1"/>
            </OrderedGroup>
        </ReadingOrder>
        <TextRegion orientation="0.0" id="r1" custom="readingOrder {index:0;}">
            <Coords points="14,33 14,4363 2985,4363 2985,33"/>
            <TextLine id="r1l1" custom="readingOrder {index:0;}">
                <Coords points="23,143 74,148 100,130 124,146 156,121 194,143 221,142 214,-13 154,-7 138,11 84,-4 60,-3 41,18 17,13"/>
                <Baseline points="39,90 66,92 93,90 121,88 148,86 175,86 203,86"/>
                <TextEquiv>
                    <Unicode>170:</Unicode>
                </TextEquiv>
            </TextLine>
            <TextLine id="r1l2" custom="readingOrder {index:1;}">
                <Coords points="2879,239 2929,249 2950,137 2930,133 2922,121 2903,118"/>
                <Baseline points="2900,222 2916,225"/>
                <TextEquiv>
                    <Unicode>1</Unicode>
                </TextEquiv>
            </TextLine>
            <TextLine id="r1l3" custom="readingOrder {index:2;}">
                <Coords points="119,303 146,306 164,321 182,312 195,323 232,316 275,293 295,291 304,302 331,298 342,181 308,178 243,152 229,161 190,138 170,143 160,132 134,129"/>
                <Baseline points="138,263 163,268 189,272 214,275 240,277 265,278 291,279 317,279"/>
                <TextEquiv>
                    <Unicode>40.</Unicode>
                </TextEquiv>
            </TextLine>
            <TextLine id="r1l4" custom="readingOrder {index:3;}">
                <Coords points="635,568 2756,575 2757,464 2458,467 2379,399 1389,382 1210,460 1056,368 637,373"/>
                <Baseline points="653,509 757,512 861,515 966,518 1070,519 1175,522 1279,524 1383,525 1488,527 1592,528 1697,528 1801,530 1905,530 2010,531 2114,531 2219,533 2323,533 2427,534 2532,534 2636,534 2741,536"/>
                <TextEquiv>
                    <Unicode>jn valt beroep te mogen hebben, om eenige daer bij</Unicode>
                </TextEquiv>
            </TextLine>
            <TextLine id="r1l5" custom="readingOrder {index:4;}">
                <Coords points="632,693 1183,630 1351,685 1999,643 2153,715 2616,685 2681,581 633,569"/>
                <Baseline points="650,627 750,629 851,632 952,633 1052,635 1153,636 1254,637 1354,638 1455,639 1556,639 1657,641 1757,641 1858,642 1959,642 2059,642 2160,642 2261,644 2361,644 2462,644 2563,644 2664,644"/>
                <TextEquiv>
                    <Unicode>gevoeghde redenen, vande swackheijt sommiger</Unicode>
                </TextEquiv>
            </TextLine>
            <TextLine id="r1l6" custom="readingOrder {index:5;}">
                <Coords points="625,793 2931,789 3003,666 2153,720 1989,645 1690,720 1570,645 1458,715 1053,622 626,692"/>
                <Baseline points="644,746 761,749 878,753 995,755 1112,758 1229,759 1346,761 1463,761 1580,761 1697,761 1814,761 1931,761 2048,761 2165,761 2282,761 2399,762 2516,764 2633,765 2750,767 2867,770 2985,773"/>
                <TextEquiv>
                    <Unicode>broederen, ende den aenwasch des Inlandtsen Bristendois</Unicode>
                </TextEquiv>
            </TextLine>
            <TextLine id="r1l7" custom="readingOrder {index:6;}">
                <Coords points="621,873 2192,897 2557,972 2793,914 2794,796 2704,755 2525,834 2016,757 1766,842 1354,760 622,812"/>
                <Baseline points="639,860 745,864 852,868 959,872 1066,873 1173,876 1279,878 1386,880 1493,882 1600,882 1707,884 1813,884 1920,885 2027,885 2134,885 2241,887 2347,887 2454,887 2561,887 2668,887 2775,888"/>
                <TextEquiv>
                    <Unicode>&amp;:o waer op gedelibereert, en geconsidereert wesende</Unicode>
                </TextEquiv>
            </TextLine>
            <TextLine id="r1l8" custom="readingOrder {index:7;}">
                <Coords points="522,1005 1582,1074 2892,1020 2893,916 2685,899 2570,972 1860,890 802,942 525,830"/>
                <Baseline points="540,972 656,977 773,981 890,986 1006,990 1123,995 1240,998 1356,1002 1473,1005 1590,1007 1707,1009 1823,1011 1940,1013 2057,1013 2173,1013 2290,1013 2407,1013 2523,1011 2640,1009 2757,1007 2874,1004"/>
                <TextEquiv>
                    <Unicode>dat gemte d:o Heijnen, jnden jaere 1676. maer met</Unicode>
                </TextEquiv>
            </TextLine>
            <TextLine id="r1l9" custom="readingOrder {index:8;}">
                <Coords points="628,1138 2837,1176 2878,1049 1320,1084 629,990"/>
                <Baseline points="644,1118 754,1118 865,1119 976,1121 1087,1121 1197,1122 1308,1124 1419,1125 1530,1127 1640,1128 1751,1128 1862,1130 1973,1130 2083,1131 2194,1131 2305,1131 2416,1130 2526,1130 2637,1128 2748,1125 2859,1124"/>
                <TextEquiv>
                    <Unicode>tamelijck genoegen, van Cheijlon, naer herwaerts</Unicode>
                </TextEquiv>
            </TextLine>
            <TextLine id="r1l10" custom="readingOrder {index:9;}">
                <Coords points="509,1305 526,1305 536,1298 550,1301 589,1263 623,1270 621,1125 587,1119 571,1133 554,1130 541,1143 507,1147"/>
                <Baseline points="525,1242 552,1243 579,1241 606,1242"/>
                <TextEquiv>
                    <Unicode></Unicode>
                </TextEquiv>
            </TextLine>
            <TextLine id="r1l11" custom="readingOrder {index:10;}">
                <Coords points="607,1292 2798,1299 2823,1148 1970,1213 1886,1149 1741,1209 1447,1130 822,1186 608,1128"/>
                <Baseline points="624,1239 733,1241 842,1244 951,1245 1060,1248 1169,1250 1278,1251 1387,1253 1496,1254 1605,1256 1714,1257 1823,1257 1932,1259 2041,1259 2150,1259 2259,1257 2368,1257 2477,1256 2586,1253 2695,1251 2805,1248"/>
                <TextEquiv>
                    <Unicode>zij opgekomen, en den 15:' december desselven jaers</Unicode>
                </TextEquiv>
            </TextLine>
            <TextLine id="r1l12" custom="readingOrder {index:11;}">
                <Coords points="2882,1342 2919,1345 2932,1364 2943,1362 2966,1370 2985,1254 2969,1251 2951,1234 2941,1233 2926,1240 2923,1236 2900,1236"/>
                <Baseline points="2903,1320 2930,1332 2954,1328"/>
                <TextEquiv>
                    <Unicode></Unicode>
                </TextEquiv>
            </TextLine>
            <TextLine id="r1l13" custom="readingOrder {index:12;}">
                <Coords points="613,1392 2620,1429 2912,1396 2912,1265 2654,1331 2412,1260 2221,1337 1895,1262 613,1304"/>
                <Baseline points="630,1374 743,1373 856,1373 969,1373 1083,1373 1196,1374 1309,1376 1422,1378 1536,1380 1649,1382 1762,1383 1875,1385 1989,1386 2102,1388 2215,1388 2328,1386 2442,1385 2555,1382 2668,1377 2781,1371 2895,1365"/>
                <TextEquiv>
                    <Unicode>nevens meer andere predicanten is beroepen na de E:</Unicode>
                </TextEquiv>
            </TextLine>
            <TextLine id="r1l14" custom="readingOrder {index:13;}">
                <Coords points="601,1509 2910,1536 2911,1459 602,1405"/>
                <Baseline points="617,1482 730,1485 844,1489 958,1492 1072,1494 1185,1497 1299,1499 1413,1500 1527,1502 1640,1503 1754,1504 1868,1505 1982,1505 2095,1505 2209,1506 2323,1506 2437,1505 2550,1505 2664,1505 2778,1505 2892,1503"/>
                <TextEquiv>
                    <Unicode>provintie van Amboina. en van welck beroep, deselven</Unicode>
                </TextEquiv>
            </TextLine>
            <TextLine id="r1l15" custom="readingOrder {index:14;}">
                <Coords points="2889,1524 2912,1525 2933,1513 2943,1514 2949,1521 2983,1519 2989,1408 2958,1410 2952,1403 2928,1405 2914,1418 2894,1417"/>
                <Baseline points="2906,1509 2936,1509 2966,1512"/>
                <TextEquiv>
                    <Unicode>—</Unicode>
                </TextEquiv>
            </TextLine>
            <TextLine id="r1l16" custom="readingOrder {index:15;}">
                <Coords points="609,1657 1110,1604 1575,1689 2331,1632 2498,1694 2606,1638 2696,1710 2780,1690 2782,1559 610,1529"/>
                <Baseline points="626,1614 732,1616 839,1617 946,1618 1053,1619 1160,1621 1267,1622 1373,1623 1480,1625 1587,1626 1694,1628 1801,1629 1908,1629 2015,1631 2121,1631 2228,1632 2335,1632 2442,1632 2549,1632 2656,1632 2763,1632"/>
                <TextEquiv>
                    <Unicode>op pretext van houwlijck als anders tot nogh zij</Unicode>
                </TextEquiv>
            </TextLine>
            <TextLine id="r1l17" custom="readingOrder {index:16;}">
                <Coords points="2801,1724 2817,1726 2823,1734 2841,1729 2847,1734 2861,1732 2872,1723 2885,1725 2904,1711 2927,1717 2939,1627 2916,1621 2905,1630 2882,1599 2819,1588"/>
                <Baseline points="2819,1704 2849,1709 2879,1713 2909,1716"/>
                <TextEquiv>
                    <Unicode>ks</Unicode>
                </TextEquiv>
            </TextLine>
            <TextLine id="r1l18" custom="readingOrder {index:17;}">
                <Coords points="532,1743 938,1824 1190,1732 2338,1758 2438,1823 2539,1757 2868,1789 2869,1729 1104,1604 533,1656"/>
                <Baseline points="548,1737 663,1737 778,1737 893,1737 1009,1736 1124,1736 1239,1736 1354,1736 1470,1736 1585,1736 1700,1737 1815,1737 1931,1739 2046,1740 2161,1742 2276,1744 2392,1746 2507,1749 2622,1752 2737,1757 2853,1761"/>
                <TextEquiv>
                    <Unicode>geexcuseert, en hier gebleven, soo is verstaen gem:</Unicode>
                </TextEquiv>
            </TextLine>
            <TextLine id="r1l19" custom="readingOrder {index:18;}">
                <Coords points="660,1867 2912,1936 2913,1809 2518,1760 2174,1827 1507,1742 1108,1741 973,1820 661,1766"/>
                <Baseline points="678,1847 788,1850 899,1851 1010,1853 1121,1854 1232,1856 1343,1856 1453,1857 1564,1859 1675,1859 1786,1860 1897,1860 2008,1862 2119,1863 2229,1863 2340,1865 2451,1868 2562,1869 2673,1872 2784,1875 2895,1878"/>
                <TextEquiv>
                    <Unicode>Eerw: kercken raadt, tot antwoort te laten dienen</Unicode>
                </TextEquiv>
            </TextLine>
            <TextLine id="r1l20" custom="readingOrder {index:19;}">
                <Coords points="33,1926 180,1950 207,1930 358,1929 402,1956 439,1933 566,1939 566,1825 502,1825 422,1775 365,1772 304,1822 234,1826 153,1765 33,1846"/>
                <Baseline points="50,1926 76,1923 102,1920 128,1917 154,1916 181,1916 207,1914 233,1914 259,1914 285,1915 312,1916 338,1916 364,1917 390,1917 416,1919 443,1919 469,1919 495,1919 521,1919 548,1917"/>
                <TextEquiv>
                    <Unicode>bij de Hlijme bn</Unicode>
                </TextEquiv>
            </TextLine>
            <TextLine id="r1l21" custom="readingOrder {index:20;}">
                <Coords points="615,1985 1145,2052 1277,1980 2904,2028 2905,1938 2483,1868 2203,1949 1899,1867 1710,1935 616,1898"/>
                <Baseline points="632,1973 744,1973 857,1973 970,1974 1083,1974 1196,1974 1309,1976 1421,1976 1534,1977 1647,1979 1760,1980 1873,1981 1986,1983 2099,1985 2211,1986 2324,1989 2437,1991 2550,1994 2663,1997 2776,2000 2889,2003"/>
                <TextEquiv>
                    <Unicode>dat bij onse resolutie voorschreven, jnt reguarde van</Unicode>
                </TextEquiv>
            </TextLine>
            <TextLine id="r1l22" custom="readingOrder {index:21;}">
                <Coords points="31,2007 534,1997 533,1930 396,1955 312,1926 272,1947 204,1931 181,1951 134,1928 64,1939 30,1923"/>
                <Baseline points="48,1988 74,1988 100,1988 126,1988 152,1988 178,1988 204,1987 230,1986 256,1986 283,1986 309,1986 335,1986 361,1985 387,1985 413,1985 439,1985 465,1983 491,1983 518,1982"/>
                <TextEquiv>
                    <Unicode>M amboina Wer</Unicode>
                </TextEquiv>
            </TextLine>
            <TextLine id="r1l23" custom="readingOrder {index:22;}">
                <Coords points="50,2085 137,2136 248,2131 369,2089 429,2136 556,2141 558,2003 226,1993 51,2011"/>
                <Baseline points="69,2052 95,2052 121,2052 147,2053 174,2054 200,2055 226,2056 252,2057 279,2058 305,2058 331,2058 358,2060 384,2060 410,2060 436,2058 463,2058 489,2057 515,2055 542,2052"/>
                <TextEquiv>
                    <Unicode>als noge gepersitheerd</Unicode>
                </TextEquiv>
            </TextLine>
            <TextLine id="r1l24" custom="readingOrder {index:23;}">
                <Coords points="589,2163 1314,2099 2834,2169 2859,2055 590,2026"/>
                <Baseline points="606,2091 717,2093 829,2094 941,2097 1053,2098 1165,2099 1277,2100 1388,2102 1500,2103 1612,2104 1724,2105 1836,2106 1948,2106 2060,2108 2171,2108 2283,2109 2395,2109 2507,2109 2619,2110 2731,2111 2843,2111"/>
                <TextEquiv>
                    <Unicode>d:o Heijnens beroep. na Aimboina, als nogh wert</Unicode>
                </TextEquiv>
            </TextLine>
            <TextLine id="r1l25" custom="readingOrder {index:24;}">
                <Coords points="595,2281 958,2210 2804,2292 2925,2273 2926,2169 1479,2107 1234,2172 1144,2104 596,2166"/>
                <Baseline points="614,2216 728,2218 843,2220 958,2222 1073,2223 1187,2225 1302,2226 1417,2226 1532,2228 1646,2229 1761,2229 1876,2229 1991,2231 2105,2231 2220,2232 2335,2232 2450,2234 2564,2235 2679,2235 2794,2237 2909,2238"/>
                <TextEquiv>
                    <Unicode>gepersisteert; onder wijlen dat men verder de nodige</Unicode>
                </TextEquiv>
            </TextLine>
            <TextLine id="r1l26" custom="readingOrder {index:25;}">
                <Coords points="20,2340 70,2343 97,2371 181,2355 255,2369 278,2349 379,2340 543,2372 544,2305 434,2277 366,2286 296,2258 222,2268 109,2189 72,2219 22,2199"/>
                <Baseline points="36,2330 61,2332 87,2335 113,2337 139,2337 165,2339 191,2340 216,2340 242,2340 268,2342 294,2342 320,2340 346,2340 371,2340 397,2340 423,2339 449,2339 475,2339 501,2339 527,2337"/>
                <TextEquiv>
                    <Unicode>Ensal op de nodige</Unicode>
                </TextEquiv>
            </TextLine>
            <TextLine id="r1l27" custom="readingOrder {index:26;}">
                <Coords points="585,2351 2679,2406 2680,2269 1142,2292 955,2211 840,2294 585,2284"/>
                <Baseline points="603,2343 706,2345 809,2345 912,2345 1015,2346 1118,2346 1221,2346 1324,2346 1427,2346 1530,2346 1633,2346 1736,2346 1839,2346 1942,2348 2045,2348 2148,2348 2251,2348 2354,2348 2457,2349 2560,2349 2664,2351"/>
                <TextEquiv>
                    <Unicode>sorge over de kercken, soo der nederlantse als</Unicode>
                </TextEquiv>
            </TextLine>
            <TextLine id="r1l28" custom="readingOrder {index:27;}">
                <Coords points="13,2427 201,2412 329,2432 419,2408 560,2437 560,2356 479,2367 379,2341 312,2361 288,2341 258,2368 221,2352 100,2369 66,2342 13,2343"/>
                <Baseline points="30,2406 55,2406 81,2405 107,2405 133,2405 158,2405 184,2405 210,2405 236,2405 261,2405 287,2405 313,2405 339,2405 364,2405 390,2405 416,2404 442,2403 467,2403 493,2403 519,2403 545,2402"/>
                <TextEquiv>
                    <Unicode>sorge over de Kercken</Unicode>
                </TextEquiv>
            </TextLine>
            <TextLine id="r1l29" custom="readingOrder {index:28;}">
                <Coords points="589,2492 2693,2517 2884,2487 2885,2363 2119,2431 1908,2359 998,2423 589,2362"/>
                <Baseline points="605,2451 718,2456 831,2459 944,2462 1057,2463 1170,2465 1283,2466 1397,2468 1510,2468 1623,2468 1736,2468 1849,2468 1962,2466 2075,2466 2189,2466 2302,2466 2415,2465 2528,2466 2641,2466 2754,2466 2868,2468"/>
                <TextEquiv>
                    <Unicode>Jnlantse gemeente te deser stede, ons zal laten</Unicode>
                </TextEquiv>
            </TextLine>
            <TextLine id="r1l30" custom="readingOrder {index:29;}">
                <Coords points="3,2511 77,2501 100,2521 161,2515 194,2542 265,2540 369,2480 406,2490 453,2477 454,2417 373,2406 329,2429 4,2410"/>
                <Baseline points="20,2460 46,2463 72,2466 98,2466 124,2468 150,2468 176,2468 202,2468 229,2468 255,2468 281,2466 307,2466 333,2466 359,2466 385,2468 411,2468 438,2471"/>
                <TextEquiv>
                    <Unicode>weerden gelet</Unicode>
                </TextEquiv>
            </TextLine>
            <TextLine id="r1l31" custom="readingOrder {index:30;}">
                <Coords points="565,2575 2911,2638 2911,2480 2364,2546 1840,2545 1706,2460 1169,2553 931,2462 565,2508"/>
                <Baseline points="581,2574 696,2580 812,2585 927,2588 1043,2591 1159,2592 1274,2592 1390,2592 1506,2591 1621,2591 1737,2589 1853,2588 1968,2586 2084,2585 2200,2585 2315,2585 2431,2586 2547,2588 2662,2590 2778,2594 2894,2600"/>
                <TextEquiv>
                    <Unicode>ter herten gaen, gelijck mettet beroep, van d’ eerw:</Unicode>
                </TextEquiv>
            </TextLine>
            <TextLine id="r1l32" custom="readingOrder {index:31;}">
                <Coords points="598,2721 2004,2785 2310,2713 2726,2748 2760,2621 2306,2666 1746,2593 1444,2665 598,2591"/>
                <Baseline points="614,2694 720,2697 827,2699 933,2700 1040,2702 1146,2703 1253,2703 1359,2703 1466,2703 1572,2703 1679,2703 1785,2703 1892,2703 1998,2703 2105,2705 2211,2705 2318,2705 2424,2706 2531,2708 2637,2709 2744,2711"/>
                <TextEquiv>
                    <Unicode>Melchior Leijdecker, op een gisteren al is begonnen</Unicode>
                </TextEquiv>
            </TextLine>
            <TextLine id="r1l33" custom="readingOrder {index:32;}">
                <Coords points="2736,2762 2755,2768 2789,2767 2805,2774 2820,2769 2843,2773 2866,2638 2832,2635 2827,2627 2820,2630 2804,2623 2760,2619"/>
                <Baseline points="2763,2708 2798,2714 2834,2720"/>
                <TextEquiv>
                    <Unicode>—.</Unicode>
                </TextEquiv>
            </TextLine>
            <TextLine id="r1l34" custom="readingOrder {index:33;}">
                <Coords points="589,2829 3002,2865 3003,2748 590,2732"/>
                <Baseline points="605,2810 724,2813 843,2814 962,2816 1081,2817 1200,2819 1319,2819 1438,2819 1557,2819 1676,2819 1795,2819 1914,2819 2033,2819 2152,2820 2271,2820 2390,2820 2509,2822 2628,2823 2747,2825 2866,2828 2985,2831"/>
                <TextEquiv>
                    <Unicode>en waermede dan d’eerw: d:o Corneluus Vaijs, somwijlen</Unicode>
                </TextEquiv>
            </TextLine>
            <TextLine id="r1l35" custom="readingOrder {index:34;}">
                <Coords points="585,2937 2914,2999 2915,2885 2452,2900 2312,2821 1499,2898 701,2815 586,2890"/>
                <Baseline points="602,2936 716,2934 831,2934 946,2933 1061,2933 1175,2933 1290,2934 1405,2934 1520,2936 1634,2937 1749,2939 1864,2940 1979,2942 2093,2945 2208,2946 2323,2948 2438,2951 2552,2954 2667,2955 2782,2958 2897,2961"/>
                <TextEquiv>
                    <Unicode>een predicatie jnt maleijts, en d’eerwaerde thoodorus</Unicode>
                </TextEquiv>
            </TextLine>
            <TextLine id="r1l36" custom="readingOrder {index:35;}">
                <Coords points="591,3055 1622,3050 1983,3132 2132,3066 2685,3107 2770,3024 592,2944"/>
                <Baseline points="608,3047 715,3047 822,3047 929,3047 1036,3048 1143,3048 1250,3050 1358,3051 1465,3051 1572,3053 1679,3054 1786,3056 1893,3057 2000,3059 2108,3060 2215,3062 2322,3063 2429,3066 2536,3068 2643,3069 2751,3071"/>
                <TextEquiv>
                    <Unicode>Sas (Zijnde een man van uijtstekende gaven en</Unicode>
                </TextEquiv>
            </TextLine>
            <TextLine id="r1l37" custom="readingOrder {index:36;}">
                <Coords points="590,3226 1859,3174 2886,3241 2887,3083 2128,3068 2037,3145 1206,3035 987,3128 591,3092"/>
                <Baseline points="608,3168 721,3167 834,3167 947,3168 1060,3168 1173,3168 1286,3170 1399,3170 1512,3171 1625,3171 1739,3173 1852,3174 1965,3174 2078,3176 2191,3176 2304,3177 2417,3177 2530,3179 2643,3179 2756,3179 2870,3179"/>
                <TextEquiv>
                    <Unicode>frisse kraghten.) den dienst bij wijlen jut portugees</Unicode>
                </TextEquiv>
            </TextLine>
            <TextLine id="r1l38" custom="readingOrder {index:37;}">
                <Coords points="562,3297 2031,3365 2170,3296 2374,3355 2878,3298 2728,3196 2375,3261 1858,3169 1717,3242 563,3203"/>
                <Baseline points="578,3278 692,3279 806,3279 920,3279 1034,3281 1148,3281 1262,3282 1377,3284 1491,3284 1605,3285 1719,3285 1833,3287 1947,3288 2061,3288 2176,3290 2290,3291 2404,3291 2518,3293 2632,3293 2746,3294 2861,3294"/>
                <TextEquiv>
                    <Unicode>tot verligstinge der andere sullen konnen, met goede</Unicode>
                </TextEquiv>
            </TextLine>
            <TextLine id="r1l39" custom="readingOrder {index:38;}">
                <Coords points="583,3366 713,3432 780,3399 891,3440 1371,3412 1451,3474 1556,3411 1619,3418 1621,3314 1493,3286 1346,3288 1305,3324 1225,3296 1060,3355 584,3306"/>
                <Baseline points="600,3389 650,3390 700,3392 750,3393 800,3395 851,3395 901,3396 951,3396 1001,3398 1051,3398 1102,3398 1152,3399 1202,3399 1252,3399 1302,3399 1353,3399 1403,3401 1453,3401 1503,3401 1553,3402 1604,3402"/>
                <TextEquiv>
                    <Unicode>stightinge waernemen.</Unicode>
                </TextEquiv>
            </TextLine>
            <TextLine id="r1l40" custom="readingOrder {index:39;}">
                <Coords points="563,3639 2687,3686 2832,3668 2835,3507 2608,3574 2006,3475 1830,3569 1657,3465 1461,3552 697,3447 565,3539"/>
                <Baseline points="581,3605 692,3606 804,3608 916,3611 1028,3612 1139,3614 1251,3617 1363,3618 1475,3621 1586,3623 1698,3625 1810,3627 1922,3629 2033,3632 2145,3633 2257,3636 2369,3638 2480,3639 2592,3642 2704,3644 2816,3645"/>
                <TextEquiv>
                    <Unicode>Bij den briefken van den 10:e des voorleden maents</Unicode>
                </TextEquiv>
            </TextLine>
            <TextLine id="r1l41" custom="readingOrder {index:40;}">
                <Coords points="576,3737 2690,3793 2725,3683 577,3626"/>
                <Baseline points="594,3713 699,3714 805,3716 911,3717 1016,3719 1122,3720 1228,3720 1333,3722 1439,3723 1545,3725 1651,3726 1756,3728 1862,3728 1968,3730 2073,3732 2179,3734 2285,3735 2390,3737 2496,3740 2602,3741 2708,3744"/>
                <TextEquiv>
                    <Unicode>uijt. Jambij verstendight zijnde, hoe den Coopman</Unicode>
                </TextEquiv>
            </TextLine>
            <TextLine id="r1l42" custom="readingOrder {index:41;}">
                <Coords points="580,3877 2554,3858 2691,3916 2692,3808 581,3743"/>
                <Baseline points="596,3833 700,3834 804,3834 908,3836 1012,3836 1116,3837 1220,3837 1324,3839 1428,3839 1532,3840 1636,3840 1740,3840 1844,3842 1948,3842 2052,3843 2156,3843 2260,3845 2364,3846 2468,3846 2572,3848 2676,3849"/>
                <TextEquiv>
                    <Unicode>en resident Gerrit Poth. op 30: april was overleden</Unicode>
                </TextEquiv>
            </TextLine>
            <TextLine id="r1l43" custom="readingOrder {index:42;}">
                <Coords points="7,3915 2725,3988 2553,3857 1148,3913 10,3790"/>
                <Baseline points="24,3897 158,3907 292,3917 426,3923 560,3930 695,3936 829,3941 963,3944 1097,3947 1231,3950 1366,3953 1500,3954 1634,3956 1768,3957 1902,3959 2036,3960 2171,3962 2305,3963 2439,3965 2573,3966 2708,3969"/>
                <TextEquiv>
                    <Unicode>den onderCoopman soo is om het Comptoir. en den peperhandel aldaer</Unicode>
                </TextEquiv>
            </TextLine>
            <TextLine id="r1l44" custom="readingOrder {index:43;}">
                <Coords points="3,4011 141,3979 325,4012 355,3992 566,4015 590,4009 591,3932 507,3951 413,3923 363,3939 300,3894 228,3937 4,3910"/>
                <Baseline points="21,3981 48,3981 76,3981 103,3981 131,3981 159,3981 186,3982 214,3983 241,3984 269,3984 297,3985 324,3986 352,3986 379,3986 407,3987 435,3987 462,3987 490,3987 517,3987 545,3986 573,3984"/>
                <TextEquiv>
                    <Unicode>D Van Heden oppersz</Unicode>
                </TextEquiv>
            </TextLine>
            <TextLine id="r1l45" custom="readingOrder {index:44;}">
                <Coords points="-4,4052 234,4059 251,4076 332,4058 432,4097 466,4074 489,4091 547,4055 547,4008 497,3997 463,4013 205,3985 162,3998 138,3980 94,4003 -3,4001"/>
                <Baseline points="14,4044 39,4044 65,4044 91,4044 117,4044 143,4046 168,4047 194,4048 220,4049 246,4050 272,4050 297,4052 323,4053 349,4053 375,4053 401,4053 426,4053 452,4052 478,4052 504,4049 530,4047"/>
                <TextEquiv>
                    <Unicode>tot Jambij in plaets</Unicode>
                </TextEquiv>
            </TextLine>
            <TextLine id="r1l46" custom="readingOrder {index:45;}">
                <Coords points="594,4130 1240,4071 2854,4128 2855,4038 2296,3970 1922,4044 1789,3971 597,3972"/>
                <Baseline points="614,4058 725,4061 836,4063 947,4065 1058,4068 1170,4070 1281,4071 1392,4073 1503,4076 1614,4077 1726,4079 1837,4080 1948,4082 2059,4084 2170,4086 2282,4088 2393,4091 2504,4094 2615,4097 2726,4100 2838,4103"/>
                <TextEquiv>
                    <Unicode>jn desselfs plaetse waer te nemen, verkoren den onder„</Unicode>
                </TextEquiv>
            </TextLine>
            <TextLine id="r1l47" custom="readingOrder {index:46;}">
                <Coords points="-3,4129 61,4137 108,4118 148,4146 219,4124 376,4171 441,4125 531,4144 532,4063 489,4055 405,4081 314,4058 287,4071 241,4054 -1,4052"/>
                <Baseline points="15,4104 40,4106 65,4106 90,4107 115,4108 140,4110 165,4110 190,4110 215,4112 240,4113 265,4114 290,4115 315,4115 340,4116 365,4116 390,4116 415,4115 440,4115 465,4115 490,4113 516,4112"/>
                <TextEquiv>
                    <Unicode>van den overleden Pot</Unicode>
                </TextEquiv>
            </TextLine>
            <TextLine id="r1l48" custom="readingOrder {index:47;}">
                <Coords points="570,4214 1019,4250 1497,4169 2429,4239 2661,4219 2662,4151 1616,4083 1380,4134 1240,4072 1128,4137 571,4130"/>
                <Baseline points="588,4175 690,4176 793,4178 896,4179 999,4181 1102,4182 1205,4184 1308,4185 1411,4187 1514,4187 1617,4188 1719,4190 1822,4191 1925,4193 2028,4194 2131,4196 2234,4197 2337,4199 2440,4200 2543,4202 2646,4205"/>
                <TextEquiv>
                    <Unicode>coopman Joannes van heden, hebbende nu al een</Unicode>
                </TextEquiv>
            </TextLine>
            <TextLine id="r1l49" custom="readingOrder {index:48;}">
                <Coords points="2643,4217 2683,4222 2705,4243 2790,4219 2813,4240 2823,4234 2870,4252 2874,4142 2840,4151 2803,4146 2772,4175 2755,4164 2728,4177 2705,4159 2645,4157"/>
                <Baseline points="2661,4208 2688,4208 2715,4209 2743,4211 2770,4212 2798,4212 2825,4214 2853,4214"/>
                <TextEquiv>
                    <Unicode>—.</Unicode>
                </TextEquiv>
            </TextLine>
            <TextLine id="r1l50" custom="readingOrder {index:49;}">
                <Coords points="2452,4372 2537,4340 2654,4375 2718,4352 2798,4363 2892,4347 2893,4260 2867,4266 2790,4218 2709,4248 2676,4217 2572,4216 2521,4252 2454,4258"/>
                <Baseline points="2471,4328 2496,4330 2521,4332 2546,4333 2572,4334 2597,4335 2622,4335 2648,4335 2673,4335 2698,4335 2724,4335 2749,4335 2774,4335 2800,4335 2825,4335 2850,4335 2876,4337"/>
                <TextEquiv>
                    <Unicode>geruijmen</Unicode>
                </TextEquiv>
            </TextLine>
            <TextEquiv>
                <Unicode>170:
1
40.
jn valt beroep te mogen hebben, om eenige daer bij
gevoeghde redenen, vande swackheijt sommiger
broederen, ende den aenwasch des Inlandtsen Bristendois
&amp;:o waer op gedelibereert, en geconsidereert wesende
dat gemte d:o Heijnen, jnden jaere 1676. maer met
tamelijck genoegen, van Cheijlon, naer herwaerts

zij opgekomen, en den 15:' december desselven jaers

nevens meer andere predicanten is beroepen na de E:
provintie van Amboina. en van welck beroep, deselven
—
op pretext van houwlijck als anders tot nogh zij
ks
geexcuseert, en hier gebleven, soo is verstaen gem:
Eerw: kercken raadt, tot antwoort te laten dienen
bij de Hlijme bn
dat bij onse resolutie voorschreven, jnt reguarde van
M amboina Wer
als noge gepersitheerd
d:o Heijnens beroep. na Aimboina, als nogh wert
gepersisteert; onder wijlen dat men verder de nodige
Ensal op de nodige
sorge over de kercken, soo der nederlantse als
sorge over de Kercken
Jnlantse gemeente te deser stede, ons zal laten
weerden gelet
ter herten gaen, gelijck mettet beroep, van d’ eerw:
Melchior Leijdecker, op een gisteren al is begonnen
—.
en waermede dan d’eerw: d:o Corneluus Vaijs, somwijlen
een predicatie jnt maleijts, en d’eerwaerde thoodorus
Sas (Zijnde een man van uijtstekende gaven en
frisse kraghten.) den dienst bij wijlen jut portugees
tot verligstinge der andere sullen konnen, met goede
stightinge waernemen.
Bij den briefken van den 10:e des voorleden maents
uijt. Jambij verstendight zijnde, hoe den Coopman
en resident Gerrit Poth. op 30: april was overleden
den onderCoopman soo is om het Comptoir. en den peperhandel aldaer
D Van Heden oppersz
tot Jambij in plaets
jn desselfs plaetse waer te nemen, verkoren den onder„
van den overleden Pot
coopman Joannes van heden, hebbende nu al een
—.
geruijmen</Unicode>
            </TextEquiv>
        </TextRegion>
    </Page>
</PcGts>
