3035 4548
4 -5 153 151 60
231 174 515 379 0
623 520 2924 745 te sullen zijn van alle het quaet dat soude konnen ontstaen
647 721 2841 845 ngexalle zij aan haer voornemen, om krijgsvolck te
631 789 2699 942 landen, en gem:e Samadangh te beoorlogen, niet en
620 917 2879 1092 komen, afte laten, maer jngevalle het gemelte Bantamse
617 1023 2852 1202 opperhooft daer na niet wilde luijsteren, Ende eghter
638 1137 2713 1319 sijn voornemen traghte jut werck te stellen. soo is
2696 1169 2847 1300 —
74 1118 542 1317 en be Perheren
95 1268 496 1383 la dinge t slde
632 1254 2765 1423 eenparighlijck verstaen sulcx met alle vermogen te
11 1319 455 1477 derkinderen
626 1387 2706 1548 verhinderen, Haer met de middelen die ons sodt
613 1458 2973 1657 ende de natuire heeft verleent verdrijvende, en vermelerde
614 1586 2904 1788 sodanigh als met de meeste avantagie, en het minste.
612 1723 2857 1908 gevaer van ons volck zal konnen geschieden, dogh tbij
631 1839 2681 1996 aldien zij gelijcklyck de vlught moghten komen te
54 1886 635 2069 bij boninge Eoniger
629 1958 2879 2120 nemen, en eenige prauwen met volck, jn onse handen
74 2038 622 2124 bantamze Vaertuijgen
63 2085 2888 2249 deselve niet aentehouden quamen te vervallen, soo sullen deselve niet aengehouden
55 2164 586 2262 maer wedernae huijs
67 2207 379 2335 te largeren
619 2180 2892 2389 maer met de eerste gelegentheijt (onder naden betuijgingh
617 2285 2865 2490 dat wij met haer geen oorlogh, en soecken weder na
642 2402 1912 2602 Bantam werden gelargeert.
470 2596 2820 2823 uijt het boven gemelte briefken, heden van bantam
604 2769 2849 2937 ontfangen, ons mede berigst toegekomen zijnde hoe den
28 2817 537 3015 Van Tnagen
595 2863 2676 3055 Commagon Biera, de Dasa. gouverneur van het
63 2941 513 3049 wiera de daha tot
52 3024 566 3103 bandongh hier boven
582 2970 2914 3130 Lantschap Dadongh, gelegen jn't Z: O: van hier omtrent
62 3076 530 3170 bij een brieffie tot
67 3133 608 3225 trouwe aenden Sousou„
615 3106 2812 3236 de riviere Cravan zijnen Heer de Mattaram was
52 3200 618 3330 „hounangh te ammeren,
601 3242 2951 3390 afgevallen ende sigh onder de bescherminge van bantam
604 3309 2940 3515 hadde begeven, mitsgaders voornemens was gewoden
605 3448 2864 3613 met haer ten oorlogh tegen die van bamadangs: op te
607 3592 2911 3733 trecken, soo is dienstigh geoordeelt, en goetgevonden
571 3676 2924 3853 aenden selven door den sabandaer ende Licentmeester
595 3778 2882 3969 Ocker Ockersz: een briefjen te laten schrijven, ende hem
2761 3920 2830 4000 en
568 3877 2823 4094 daer bij aente raaden dat best zal doen, zijnen voorn:
608 4019 2807 4198 heer getrouw, te blijven, sigh stil te Houden ofte wel
2558 4112 2893 4287 liever
