3153 4670
2837 2 3064 210 359.
2839 170 3081 362 359
2472 400 2947 670 : 1678.
1581 240 2016 661 dak
427 150 1368 687 lelank
489 625 2429 840 naermiddagh Extran, d:o dorgeeringta
263 863 2639 1085 heest den Eeere dipctergen Lorn: Hebeingen
2630 917 3135 1120 D hong hendere
286 1030 3136 1238 in raade fapport gedaaen, dat de bomp van het afgeleijde Brederode virkort
2636 1164 3081 1310 voor 700. Res=
253 1164 2526 1374 schip boedenede suijven morgen ten bujse van den
289 1319 2530 1480 Toen Caipijn anjork is opgepeijlt; en. verkocht
286 1426 2632 1638 door de Commaaan sovonhonder tgps dmelck dan hier
285 1601 1584 1748 ter Notitie wert aangeteckent
260 1611 2583 1908 Een dewijge de Chialsup 't Huijs van Lastauw p=r aug=s
2631 1659 3106 1884 d’ affgevaare Hloo
2631 1842 3122 1950 Passanio Vol steen
307 1824 2604 2040 voorleden vanden ijn op Javas oost ust hier te tugge
2635 1915 3093 2002 aen de oostertonne
290 1943 3126 2193 gekomen, ten venemael afgevaaren, en gandsch gee deser Privrer te doer
2646 2057 2905 2189 srncken
301 2092 2516 2288 verommeringe meer waerigt bevonden zij; Baik
269 2224 2523 2461 goeg vouden, deselve ver stoen voor daenslaen der Der
270 2358 2708 2594 als anders aende oosten onne in dese fivier te laten dincken.
492 2492 3167 2719 b willem van outhoorn als Toconvelder dan minati n ati
274 2671 3124 2870 borgerije deser stede heeft in taade overgelepent een notdic van officieren over
2640 2769 3138 2884 de Jnlandsz borgtrij
298 2818 2910 3013 de pominatie van diverse gebrekende officieren, soo over deserstede
266 2941 2704 3166 de s. Comp:s maidijckers als de 2. andere door een gemengde
268 3141 2700 3318 vampangers, risten ambonnesen, bandanesen en boutonders
278 3228 2646 3472 omme tegens derselver kord aenstaenden optreck, de 22:e
285 3428 2649 3583 deser bewemd te werden gecompleteert, en sijn dan uijt
264 3566 1852 3759 de genomneerde dissoonen derhooren
393 3675 2463 3955 onder de Mardjeker e Van Cm Dio de Coupto
202 3864 1436 4109 todoo figuiede tot Cergeant
2252 4038 2534 4181 onder
