3146 4670
2845 -5 3085 190 338.
2851 171 3066 361 339
656 447 2469 681 Comitade bujman en doinde dese
2975 518 3146 711 d
283 594 3130 785 boegensae metden werden verEsfenten ten den vander den hertin van Coopman
2465 751 3127 897 op Mallabaer Voort ti sieee
255 776 2449 928 ouvartier van oormansz: inmorder illabar ten
2503 877 3132 1034 omde nodige Contanten
250 897 2524 1042 allene naer vermegen voort gesetd, om dannen booraken
2483 998 3066 1121 daer uijt tefourneren
269 1042 2395 1232 het Eijgen besode van  ontanden voor malalaer dat
225 1211 2310 1348 uijt sal moeten sourneen en besorgen, das sal het
2430 1158 2989 1387 genge Coen
2463 1276 3110 1450 MMallabaer na Souratte
255 1322 2412 1487 bover dat gldaader Custeben desn Eijgen blegt nogh
2487 1396 2799 1499 te schicken
250 1469 2461 1613 moghte overigh wesen a soulatta geshickt en ginder
268 1594 1332 1768 geoeeert werden &a
2437 1753 3157 1976 Den Coommn Losbert
272 1742 2401 1918 at den Coepmon en teidens het Canatse vooderde
2460 1896 3065 2031 ai Van Canara
247 1914 2317 2078 Lisap, om hedenen van sijn suepert gedoente een
2471 1990 3067 2126 Herwarts op te Comen
256 2010 2428 2206 andelinge, van daer sal moeten gedinneveert een nae
249 2168 2525 2329 de loghestellinge voor den Commissaris to vot antwoordinge
251 2325 2401 2487 dan sijn saake rwaerde opgesonden werden, en waer
2453 2306 3138 2496 die Van Canara te aminmrre
2444 2443 3058 2556 hunnen Hijs selve na
257 2459 2387 2645 bezijden die van anara moeten worden geaniineeert
2484 2510 3110 2662 Cochum over te brengen
221 2539 2456 2762 kinnen lijs alsse die wat beter koop willen gepen, self
237 2713 2367 2911 naer Lochim over te trengengom daer van een tresoon
251 2860 1272 3041 en voorlact op de sleghten
304 2993 2411 3171 at het vervoeren van Cardamom door particulie se
2477 3075 3139 3209 ’t Vervoeren der Erdamon
2512 3170 3070 3278 door Particuliere dia
251 3175 2501 3352 als een perooden whaar nae vermggen moet werden gemeg
2482 3202 3053 3376 Weegnagen te veren
2476 3317 3086 3497 Eenit Sep suijken
257 3288 2376 3519 n: heder stuijcken alder best door de twouwshijt der
252 3437 2231 3631 Inlandse Cooplieren tot de Cop: 16 voor de somen
242 3499 3029 3768 eecken &ocl met alle descteriteijt wedero den dongan  E: ditlo in des
2475 3650 3085 3775 doen lijck: wder op den
2476 3719 3120 3864 ouden priis Van 16. â 18:
249 3712 2356 3905 brijs van 18: â 18: E: tCandge nmoet gettacie tijden
2449 3802 3029 3964 ’t Candijl d brengen
248 3881 2506 4071 de drenden beden aekbrongh vandien na zochidn en Coilane
2225 4103 2353 4215 te
