3097 4619
44 18 291 205 220.
144 173 417 311 220
983 336 2687 749 ijdagh 15 Iulj: 1678„
683 1121 2931 1353 Eerthoont bij requeste Iohama Couvenbingh, Eoe haen
62 1167 656 1319 & Cohtanna Cormbing
57 1265 638 1400 d: van Sijaan den Gop
654 1296 2930 1425 man, den Boecksouder Simen, Waeij op, nu omtrent
43 1336 612 1441 Rrepudie des brsels
69 1402 435 1530 Geaccordeert
650 1398 2790 1537 2: maenden geleden, op Ceijloj was gestorven haer
642 1495 2803 1670 na latende verscheijde schulden, die zij verklaerde
616 1620 2798 1730 t'eenemael, onmaghtigh te wesen om te betaelen
625 1702 2814 1871 en der halven erustigh versoeckende, te mogen doen
634 1830 2962 2001 afstandt, van alle haere goederen, omme alloo van
625 1944 2821 2148 die last te blijven bevrijdt, waer op haer het selve
635 2071 2969 2252 versoeck van repudiuum, des boedels is geaccordeert.
632 2201 2828 2394 met committnus aenden Achttbaeren raadt van
664 2342 1715 2540 Justitie deses Casteels.
2942 2522 3029 2664 1
416 2580 3019 2786 en ondercoopman Janiel de poijbellean, bescheijden
42 2630 590 2821 E: Onder oopen To pere
18 2757 567 2849 Poijbelle an met sijn
649 2741 2894 2894 it zoldij Comptoir, mede bij requeste justerende omme
27 2823 628 2915 Huijs Vrouwlantienat
46 2878 570 3015 atria Graccordeer
617 2827 2734 3018 mits tijd expiratie, met zijn Huysvrouw per de
616 2940 3052 3083 aenstaende retour vloot na 't patria te mogen vertrecken
592 3068 2228 3249 zoo wert hem zijn demissie toegestaen.
605 3238 2905 3436 Na dien den E: Isaacq de s: laaten, die wij den :
605 3427 2943 3553 18:e Januarij Passado, hebben gestelt tot Commandeur
617 3500 2876 3656 en Crijgs overste op japare tot nogh niet meer is.
623 3628 2829 3755 wmaende als 100: guedens, soo wert denselven
41 3595 602 3767 d'Eachs:t Masti
17 3729 604 3832 tot japara gevordert tot
623 3739 2725 3905 althans, mits zijn lange jarige goede diensten ten
24 3793 598 3883 Comman d:o et 150. ge:
17 3863 2831 4031 smal1 5n 20 kalgegeven preuven van dapperheijde, bequaemheijt, en
625 3980 2901 4112 genoegen bij desen gehonoreert tot de qualiteijt van
619 4099 2877 4249 absolut Commandeur, en daer jn toegevoeght, een
2516 4208 2943 4365 beloninge
