3092 4643
15 -5 226 142 306
281 109 391 298 3
362 76 532 266 O
835 353 2983 763 imsdagh 20: Mugusty 1635.
917 960 2874 1192 aee de Heeren maijons bij Jaer d: Jongste
578 1127 2757 1341 ordres het manritus Hbbenhout denemasl 300000
621 1258 2743 1413 afgeschieven en Expies verboden van hetselve met meer
677 1391 2762 1559 dvaderlandt overbesenden, boo is goedgevonden het
13 1391 673 1570 Gbe hrit vijn ondereandt
14 1530 563 1655 affgeschreven, Hhierte
636 1560 2772 1742 geende daer van present bij de Han is, alhier te besouden
13 1613 333 1718 behouden
794 1649 2777 1842 ders de gebtuijchen n het besede qaade beckenaer
662 1817 1059 1964 Comen
485 1920 2788 2132 d’ Ed: J: Gouverneur Gen: voortgebracht heobende eenige
616 2129 2797 2263 noouden uijt de ontfange rieven, en te doene tescriptie
623 2236 2800 2437 naer Ceijlon; soo is als nu voor af geresoeveert het schip
-2 2272 558 2431 ’t schip Europa hogh
2 2393 552 2512 mede aengeleijt door
642 2397 2847 2551 Durpa nogh mede derwaerts aenteleggen, omme in Comp:
2 2474 268 2597 Ceijlon
621 2520 2745 2700 van de schepen Ceijlon, en den briele aftegaen, en op ’t
614 2670 2765 2862 alderspoedighste met soo veel Lanneel als ebuijten tot
1 2699 594 2813 denten eersten et Caneel
2 2799 619 2907 direct wederherwarts te
623 2816 2620 3001 van daer afte senden fctour) sal gereetwesen, weder
9 2867 235 3001 koomen
583 2949 2876 3131 terwaerts tekeeren, met Insentie, omme deselve nogh ook
603 3089 2586 3258 desen Jaare van hier naertpatria te laaten voort gaen
578 3261 2786 3448 ock is met ommunicatie des Eerw:s kerken facts
-5 3345 612 3551 den Agjhent Pen
634 3469 2687 3634 der staen den pedikant Johan Fredrick Stomphius
9 3507 615 3614 Fredrick Stomphiis naer
5 3587 462 3728 Cheijlon beroepen
600 3578 2742 3750 Jonghst p:r gemelteschi Europa uijt Hetvaderlant met
609 3713 2860 3912 sijn familic overgecomen, naer Seijlon te bewepen, omme
600 3864 2837 4077 aldaer op Jaffanapatnam ofte eeders geEmplojeert te werden,
2468 4062 2779 4255 Ende
