3100 4665
27 152 111 262 6
2833 32 3042 156 151
2763 212 2909 368 13
352 255 2291 636 Wgtagk 10:e Junius 1630.
159 1004 2378 1240 Den chinees Coopman Sinio, met nogh 2 andere
2351 1084 3115 1254 Sinio zijn versogte drijagia
173 1170 2361 1331 versoght hebbende 1a 2 hunner vaertuijgen naer
2362 1214 3079 1368 naer aetchin affgeslagen
188 1290 2162 1434 atchin te mogen zenden, om haere uijtstaende
186 1400 2388 1553 schulden te simen, en hunne saecken aldaer te
184 1547 2400 1710 vereffenen, is omdiverse redenen, haer het selve
171 1631 2285 1768 afgeslagen, dewijle uijt die voijagies niets goets
185 1785 2002 1904 voor d’ E: Comp:s en kan voortkomen.
172 1881 2353 2118 omme tottet lossen en laden der schepen, jn ChinaC
2361 1934 3031 2134 de brantgans nogt mede
183 2062 3013 2171 te dienen, ende de rivier van Hocksieuw, op en door Ciina Aengelijk
181 2165 2366 2357 aff te vaeren, is als nu nogh: derwaerts aengeleijt
178 2280 1765 2466 het hoecker boot de Drantgans.
192 2420 2432 2650 voorts heeft de Hr: Gouverneur generael jn rade
2370 2516 3083 2696 Noummatie Van Orierem
195 2591 2384 2763 gebraght de nominatie huijden morgen bij heeren
2396 2662 2956 2770 derborgerscheeterije
2446 2736 3085 2875 deserstede, der ndde dmdten
167 2693 2422 2912 schepenen gedaen, omme naer Iaerlijcks gebruijck
2357 2823 2479 2928 ht
187 2824 2452 3027 gecontinueert als uijt het dubbel nieuw genomin:
136 2964 2135 3117 getal, weder on verkoren te werden, de
189 3068 2337 3271 respective officieren, der Burger, schutterije
145 3175 2382 3335 deser stede, soo te voet, als te paert, wesende
174 3339 2387 3515 voor eerst de presente, ende hebben gedient als
180 3430 1735 3635 hier vervolgens wert aengewesen.
442 3551 2169 3796 over de Comp: van d’oost zijde der Stadt
182 3759 2326 3939 pieter van Leeuwen Capitain . . . . . . . . . . . . . . 2. Iaer
149 3867 2117 4053 Jacob kar Luijtenant . . . . . . . . .. . . . . . . . . . . . .2.
139 3987 2135 4168 Sdunen van hosten vaendrigh . . . . . . . . . . . . 2.
1843 4208 2421 4399 sergeanten
