3139 4646
747 128 1408 540 Hn de
2723 432 3024 612 312d
280 459 2369 629 verboen nu met sijn saieeie nae't Naderlant te vertrecken
317 586 2191 732 hj tal onse tesumtie om na Maccabaer te gaen moeten Voedoen
336 627 2590 811 off anders met stilstane van Hagie moeten vierblijven totte Lomst
647 760 1647 874 Van d' ECommandeur Lobs
295 807 2366 942 om en bechuldigingen tegen dien helven voor de Justitie te bewijsen.. -
293 874 2687 1089 deringh deen dlele op nieuw verpagte aen den Chinees Tuxtcko. voor 325. p
665 1045 1310 1152 termaent - -  -
2776 1107 2989 1217 313.
325 1103 1921 1275 snde 373. pP: termaent minder van te voors:
2769 1199 3004 1332 314.
121 1217 1765 1355 6 d:o bopingus over desacken op Deijlon - - - -
325 1288 2616 1466 883v. taet aldaer aen te schrijven ons duijdelnke tedenen te geven
592 1406 2669 1522 offnen bij quactwilligheijt Van Hagiasinga de Caneellanden met onse
583 1502 1852 1643 maghten jouw konnen verseheven eff niet
306 1543 2610 1684 en daar van een fonneel addijs over tesenden, nade maaken onser maght, die
2689 1646 3008 1791 „ 315.
617 1686 1218 1818 uot Ceijlon is
300 1771 2691 1901 om dat de verseheringh det Canneel tanden Voorteerste Hooft poinct op Ceijlon
625 1876 1099 2016 houden Wort
287 1953 2636 2127 de Corles, en landen Voorleden Jaer gevealveert aen fagiasinga in te tuijmen
104 2056 2700 2197 — soolange p: die niet behoorlijck laet overnemen, off aenvaerden Voor alle Hovers
630 2180 1496 2307 te doen beschermen
2733 2266 3014 2432 „5216.
314 2246 2222 2399 Jnsonderheijt de Zolnabrig, en hampittegam Corles En.
309 2353 2591 2517 Het Werk Voorts ginder nade presente gemissejt zant in balance te houden
314 2468 2278 2631 tot denader te versoeken prompte ordres der heren Mr: daer over
300 2608 2167 2730 Hagia Juwijlen in tuit telaten, soo lange hij ons niet moeijt
316 2679 2802 2811 dog de bescherminge der overkomende Jnlanderen, sal als te vooren mogen geschieden „
2731 2783 2980 2932 „ 317
340 2779 2067 2936 Ciekon nmiddens onder goede Pope wis te tracteren.
361 2860 2713 3035 daer den bevonden bedrieger vande matuleze prins op Lorombo of Eiders
641 2975 1459 3119 in versekeringh te souden.
2402 3075 2638 3202 .. .
329 3097 2303 3232 100 l:s gl. in Paijement; nu na Cheilon afftesteken . . . . .
346 3186 2742 3339 n nogh V0 l: gl: Waerd uijt de verwagte Japanze Zoubanghs oock derwaerts
677 3273 1360 3416 te laten bes tellen.
194 3311 2600 3536 —o't verdere moet daeruijt den sertier der Coopmans: tontgeschoten werden
340 3486 2571 3628 /onder van souratta, off persia voortaen meergele Voor Ceijlon te erfdchen.
314 3603 2631 3745 d: uijt soumatto Eens soo het als den verkoop des arreer daersal bodragen.
2806 3692 3061 3832 31 ps
325 3714 2480 3848 gen doeken, dan die geeijscht: en van goede advance zijn, In tesaneen..
338 3788 1623 3954 een fasghmoolen op batticaloo temaeken
359 3872 2570 4034 lancke, tot Vertimmeringh der schepen nogh van Binlabaet te eijsschen
360 3993 1937 4160 deden tot Paticare, en Cicooh male In tesamelen
350 4112 2054 4305 :'t Jnties Mantsout Voor de Comp: oock te letten
