3051 4587
48 39 231 209 294
256 206 368 399 9
2498 348 2649 490 1:
44 592 1341 784 de hauve onderluijn d dan de i
40 743 530 838 Correspondentie der
1618 762 2032 896 ende
652 765 1183 904 dande duijten
29 805 627 895 Mackelaars Van Soratte
28 865 524 981 Bandre Comptoiren
628 885 2210 1078 in sumtta niet van dn aaise vande
35 945 348 1051 Ondienstigh
2345 915 2497 1067 n
2727 878 2853 1071 ha
642 1057 2750 1198 tmecken; En boo mede dat n de gedalne gwijcenis
30 1119 643 1284 over 't accoort tot aenbreng
652 1163 2704 1334 aen hhem kissendas tn goen generende mehomen
27 1245 634 1331 van geen Meer Rompen
38 1303 642 1389 en't Verschil der Intust
648 1310 2568 1497 desen daare in bourta als mede wegens deseeil d
38 1371 600 1489 Gelden nader Enguiste
47 1454 258 1539 te doen
651 1462 2922 1648 dnressen van  o: der3: sijnde beijde vrijsisjiet
636 1655 2703 1820 ws dan nade rijverlijck maghweden gejoure
674 1806 2841 2017 gelikoock vers van degen bde dienen onders Laden
27 1902 633 2069 ondersoek te doen offinen
642 1951 2736 2140 osinon de gake the bountze negotie den piunipallen
28 2035 625 2125 de souratze negotie niet
23 2094 571 2196 Voort meerendiel op 't
44 2163 560 2283 hooft Comptoir Touw
647 2097 2878 2282 op t Hooft Comtoir, niet en boude konnen bij een techp„
74 2220 519 2365 konnen trecken
628 2242 1986 2432 als bij bominige wert gesusdineert
611 2403 2936 2601 moetende nu ock voor al de Shimstels in gem:t Saujulta
43 2497 625 2687 Comp:s dienaren moeten
646 2547 2923 2754 ween gewendt omsenE Comp:s negetie sel:t Babrplicrt
30 2628 632 2747 Daer Voortaen sulcx in
35 2722 548 2812 de Negotie Wat mier
636 2705 2951 2901 touwe en ijver doorgadns nas vermogein hnt weskdesweelh,
32 2787 311 2916 Vegeleren
631 2854 2896 3068 sonder het op de mackelaers of Inlandse dienaer: gelijck
631 3055 2808 3206 wel diemaelen Comp te gebomen eenighzin tlaaden
640 3193 1144 3388 aankomen
635 3358 3006 3572 Eijndelijck baeden Commissaris nogh werden gerecommmand:
33 3364 593 3542 Va en e e oe
30 3520 604 3615 t doen wegens 't te last
645 3509 2893 3708 van't geneerde: volger ten laste van den E: ou direlteur
25 3584 629 3705 Gelegde van d' Hr. Volger
43 3657 614 3763 ten d' Handries begaert
42 3727 595 3840 en den Coopman boude
648 3661 2779 3820 andries bogaerdt, en den overleden Coopman mathias
633 3815 2799 4033 bonder in agta heeft geschreven, en gerapporteert gehadt
635 3979 2812 4167 soo veel naeder Enqueste tot verificatie van dien te doen
2662 4179 2789 4272 en
