3114 4617
862 81 1599 461 Geende
13 358 103 480 5
13 371 1651 593 = 12: d:o op de breijgemenin der bantammers.
302 486 2654 667 Js verstaen ons hier alomme tegen Haer quade dessaijjen mede in postuur
581 642 1421 813 van defentie te stellen ..
1461 650 1676 785 .Ti
262 693 2649 880 ensoo deel scheetjes, en vaertuijgen telaten gereet maeken, als E tekeijgen zijn
-18 872 2578 1023 : Co: den malax borger batent Jacobsz te voldoen 255. picolpeper op palembangl
586 991 1983 1099 aende Comp: gelevit, tegn 4. fijxd:s ’t Picol
264 1010 2616 1199 de kheede verkoopens sullen Comp:s gekochten doeken wel weder bij Heele packen
595 1173 1134 1312 mogen uijtsenten
261 1202 2175 1391 besoingiel, en te geven ordoes naer de Custe van mallabaer - . -
280 1367 2651 1519 Wegen begeschillen tusschen den sammorijn, en Coninck van Lochim salmen ’t
567 1484 1762 1639 Cappon van d’ Huijsman affitaght
264 1576 2552 1721 den tagiaEochim is men Egter verbonden tegen den sammorijn te beschennen.
291 1698 1557 1862 Samorijns trundschap schadelijck bevonden.
300 1772 2536 1955 de Comp:s moet haer vande onlijsten onder de fagias op macabaer ontslaen
277 1914 2572 2042 domisse frequentatie daerom her met de foomd geestelijckheijt is oock bes=
268 2042 2555 2189 't versoghte militair tecient van 200. man kannen niet derwaerts bestellen
256 2116 2666 2316 Polpotneijks pretentie over Verkoop van partij Coper door d’ Ehujsman te Laaten
710 2253 1051 2405 Veriffeenen
249 2354 2062 2565 dentertier Van Coopmans: op macabaer Voort tesetten . .
263 2488 1634 2677 om de nodige Contanten doeruijt te soumen
132 2635 290 2748 20
267 2595 1904 2746 't overig Coper Van maclabaEi: na souratta te schicken.
262 2674 2361 2897 den Coopman Hobbert Lindzaij van Canarn Herwaerts op te komen
270 2831 2538 2956 die van Canara te ammeren; kunnen zijs belt: na Cochim over te brenge
285 2947 2343 3096 't verloeren den Cardamon door partijde natenogen teweeren
269 3064 952 3222 sten 't Pepersluicken
253 3189 2637 3355 en dat guijn des doenlijck wederop den oude prijs van 16. â 18. 8p. 't Landije
654 3305 971 3443 tebrengen
82 3333 1755 3575 — maer Egter den nhoop niet tes caeken . ..
244 3470 2615 3699 waer de Coopueringh van Coopmans:=s inplaets van Contane door de selv:
643 3628 1083 3779 te prefereren
292 3706 2695 3902 Ceijlo doorgaens van genoeghsam mallabaerze peper tot fetour Voor 't patria
5 3852 61 3915 8
643 3831 1139 3958 te Voorsien
-8 3905 111 4003 I
233 3912 2508 4092 en ook ditmatee, goede partij sooder is na persia en souwt te bettellen.
53 4046 2344 4191 — bn 't poosenu Van dien. uijt boupatta in Contant Weder op Malerbaer te trecken
2679 3392 2969 3560 „ 390
2879 38 3031 262 37
2754 416 3021 592 336
2696 939 3004 1139 „ 337.
