3042 4586
2726 -49 2985 159 329.
2685 172 2958 346 329
116 430 2279 688 onduntien en aclnpiteer de maate zij gesteld
2336 531 2966 742 n : van Chijen
106 609 2267 810 soo is om en goetgevondenrden bersivernent
2346 709 2901 808 in den Vaser baxt Van
2332 774 2979 882 Palolijxe Monsprovisen
138 751 2263 959 van Lijite dat inne voordiemaer nogh niet
2365 836 2906 986 nogt niets te bepalat
111 911 2314 1096 daam maerliever een nesnagiense onsumstie
111 961 2990 1209 si Ligenijenie wete ventonen, door de sede Narde Endie inje
2381 1136 2933 1228 aldaer moeten Me
2370 1202 2962 1327 Haer Lanssanen
128 1191 2153 1372 hibdeere buspors sen bullen ijder met de denoge
2357 1269 2823 1413 eden woesen
129 1280 2407 1540 Comppag:s fandsoenen moeten te vrede pesen; behelpen
2389 1377 2996 1566 Ters voor d Command
108 1455 2330 1674 de sestecti ommandenrs, die op de veelen aenval
2433 1530 2788 1675 osheijten
112 1627 2307 1794 bij aenkomste der spiepden, als anders, Iapilijx een leggen
131 1720 2247 1931 paeuze, en een aen sijnze, of Trance wijn sullen
2485 1832 2994 2001 hen soart Comman
137 1849 2307 2093 genieten; hem de Commandanten op dhagapagthalf
2439 1975 2998 2087 ente  nagapatn:
2408 2048 2824 2169 en suicrijn
131 1994 2389 2197 en vitucorijn den sulvelejger tpaende En den aenisrance
129 2167 2362 2330 nit, nedens alsulcke verdere bonddigtheden als naer
134 2319 2195 2554 peroorke omaens de boes mins tis in de apdrge
214 2483 1422 2714 uen nemenden bij geondineert
2311 2603 2995 2871 e Hui huien aen
126 2635 2339 2858 zij dewijle de Bijje huuren aen diverse die naaren, soo
2388 2777 2930 2888 divers dnuaren op
177 2834 2898 3026 pt porombo gaale &=a detomp„ agmede prij bak igt sijn mewrtije
2384 2931 2982 3071 nde tedan ophouden
138 2973 2364 3177 vallen, overt gemeent da deselve mede Bagst den maas
86 3106 2473 3289 behooren op te houden, en daerisae oock sal werden gerecomand:t
134 3246 2496 3472 toome aen beggen sawer scheepheeft de nooteeeheij kn:
110 3407 2272 3576 nae de ongelegnende vinde veebende bdanderinge
155 3535 2295 3715 ddite en Lompts Pae den Hoogts En Coihie de
88 3710 2987 3900 Ps Een E: het de esends met behagen oe t Eelan E: en aln metene
2415 3823 3031 3948 lasten op din boorgaenden
148 3850 2965 4052 op den vot gaerdete niet langst soude konnen gaende hot gchijen niet
2414 3982 2976 4090 n gaende gehoudn
2394 4038 2636 4181 dn
154 3989 1396 4205 oft cuende gebouden teen
2032 4149 2394 4271 omme
