3069 4510
2860 14 2944 125 „
44 37 196 181 88
2513 126 2703 290 2.
52 156 217 304 80
613 414 2855 621 nedelghot ongelden sullen blijven tot laste en verant„
650 585 2729 690 woordigige vande residenten, en dat voortaen alle
20 665 2965 826 ende Supn Jan Bal de suppoosten aldaer niet meer als ordinarij maendelijcks
45 804 652 902 niet miut au tooarrj
660 772 3004 960 kost gelt, sullen mogen geneten, gelijck hier, tot Batavia.
67 873 660 1009 hoftgelt te doen genieten
654 913 2710 1048 en op anders Gouvernementen, gebruijcklijck zij
641 1013 2738 1173 souden, dat ijemant eenige andere onkostea meer
643 1093 2976 1275 direct ofte jndirect, dan die onvermijdelijck, en nootsaeckd:
640 1252 2926 1384 zijn sullen valideren, op pane niet alleen; van restitutie
664 1371 2831 1522 derselver, maer nogh daer en boven van deportement
660 1491 2877 1630 oftef andere correctie naer bevindinge van zaecken
670 1628 2868 1764 en welcke onse ordre dan oock verstaen wert dat
51 1555 652 1735 En Weelke opdrog alle
72 1698 659 1796 andere Comptoirann mede
660 1684 2826 1864 nadelen op alle andere kleene, en mindere Comptoiren
77 1761 609 1863 Sal moiten werden
90 1822 617 1928 Geooreretertn n
657 1816 2696 1989 sonde onderscheijt mede promptelijck sal moeten
53 1887 606 2031 Jgetommeniget
2754 1855 2894 2015 21
660 1914 2878 2097 nagekomen, en oock. alomme ten eersten gecommunic:
667 2032 1739 2225 werden, tot regslement
587 2264 2863 2472 Nadien het groot provisie Magua zijn hier binnen 't
660 2411 2907 2552 Casteel, al een lange wijle tijts volgens de klaghten
659 2524 2785 2681 den dispenciers door ouderdom meest onbequaem, en
652 2640 2767 2786 althans bij na onbruijckbaer geworden zij, soo is
614 2762 2810 2946 daer van na genomen jnspectie en ondersoeck bij den
637 2874 2796 3052 fabrijco Adriaen de Leeuw en gecommitteerde; over
585 2981 2962 3167 geavert de volgende schriftelijcke verklaringh, luijdende
645 3128 905 3259 aldus
699 3232 2760 3503 Wij onderge=e hebben toor ordre van zjn E:e
661 3440 2885 3618 de Hr. Gouverneur generael Rijckloff van Goens: gevisiteert
664 3583 2961 3739 het wijnpackhuijs staende binnen het Casteel, breett 2oeden
647 3688 2871 3819 6voet 3 duijm lanck 12: roeden binnens wercks bevonden
657 3770 2845 3876 dat het moerbint ten deele was vergaen, en van binnen op
662 3869 2766 3979 sommige plaetsen „ sol, ende de balcken, aende Luijdt zijde
672 3924 2870 4092 ten meesten deele jnde nuur verrot, waerom deselve voor desen
652 4054 2757 4203 zijn onderstut geworden, de plancken vande soedterings opt
2491 4182 2828 4305 sommige
