3109 4659
884 180 1280 574 11
171 489 2498 675 d:o debrieden der Beckrieuwze tegenten In te haalen met 7. canonsschooten. —
514 637 1084 771 Nid hergies
2587 572 2937 762 No 86.
264 680 2571 878 den pagten den peper sacken tedesaatie Conglaus 2 maende, Tischeanze
577 826 1332 961 tot betalinge vergunt
52 862 2472 1083 19: d:o Laeb vander hart Veniam agend: toeges: taen tegen sijn b'hieffschoonvader
2820 934 2938 1106 3.
517 995 1232 1135 capten fedrrck
266 1089 2221 1231 de schipper van ’t gallist de suobber de Volle prenie toegeleijt
273 1188 2269 1318 ’t schip Maunitiis Eijlant na Jambij en Palembangh aengeleijt
293 1277 2332 1380 alle nodeloose onkosten op Janmbij tot laste der Residente, telaten
299 1375 2673 1499 en de suppoos bij nietmeer als 'toudinarij Costgele aldaer te doen gemete,. . -
2780 1377 2943 1523 88.
308 1475 2755 1591 en welcke ordre op, alle andre Comptoiren mede sal moeten werden geobzerveert
585 1544 1366 1670 En gecomminniceert
276 1569 2525 1764 t: groote Prorisie maguaijn binnen 't Casteel mitsbouw vallighent, te laate
630 1705 1668 1830 vraneen en foparen . ..
2754 1680 2936 1868 89.
288 1782 2408 1920 den Invoer van eenighspiaulter en sout van bantaij voor ditmael nogh toeg
283 1869 1643 2031 maer sulx na desen niet meer te Collerenn:
2784 1910 2925 2038 90.
290 1984 2212 2139 Hend:t gelbers. substituijt landdrest der Oosteijde met 24: gl: maert
40 2050 2542 2248 23: d:o schijper Adraen de Gilde over 't aghterhouden eeniger provisien van ’t schip mauit„
513 2196 1948 2292 telighten, en door den fiscael te doen Achibpreheij
2763 2131 2863 2310 91
292 2253 1902 2388 Cuijpen Chernisgisbertsz weder op disapatrus gedhet.
289 2388 2519 2532 Op hispitie dat Enige borgers op eenige particuliere trondraierij in det triet
605 2455 1162 2592 Liinder kruijsen
282 2502 2161 2691 Jsgoet gevonden ’t galnot de suobber voor 2. â 3. Weeken daer op te laten
305 2632 1728 2780 En op de psseerende schepen 1 â 2man over tesetten
5 2778 2667 2913 23: d:o de schepen Ternaten en macassar voor deerste beenddnge in Cormandel aengen 1t
296 2853 2489 2983 d Heer speelman met 7: Lanon choote; en 3: Chergies te vernelkommen
250 2959 2526 3106 en oock voortaen sodanigh alles ordinarij saaden, die uijt ovecogts Expentien com
295 3036 2152 3169 Jam d Extraord: faadig in sulck geval met 5. Canonnotn.
54 3134 2503 3318 29: d:o 117. kub: ten Coper uijt den boodel van m:r de soo: antenemen Cot
595 3222 1109 3358 21: Wed 't picol
424 3318 2512 3472 1: sodanigh oock al het Loper dat hier onder particulieren in de stadt /:
600 3423 1621 3585 voor de Comp:s an teberen
2134 3806 2471 3985 1—
