3019 4722
2 273 75 358 50
136 447 2470 627 d’ eenige redenen waerom sij suppl=s zijn zoldij reeck:t jnde
6 604 2484 737 boeckjens van’t schip Macaslen niet en heeft: laten jnschrij
2419 701 2492 806 1
-29 630 48 804 „
181 713 2479 904 ven, maer veel liever bij sigh te houden, om UE Ed:e hoogs„
131 831 2471 1022 aggtb: te verthouen hoe: Los, en ongefondeert (t zy dan door
194 958 2406 1130 misverstandt door die van Coijlangh off anders) een out en
199 1058 2534 1241 niet beter wetende een trouw Comp:s dienaer soo subited:
196 1187 2510 1372 van Mallabaer de voet wert gelight, en na BBatavia
182 1273 847 1428 overgesonden is.
437 1382 2480 1589 En aengesien hij suppl: beshroomt is geweest nset
142 1551 2318 1694 zijne aenkomste UE Ed: hooghagstbare aenhiende de
184 1659 2287 1792 menige vuldige occupatien, en depeschien, den vaderlandtse
209 1795 2504 1962 tstouren) met dese saacke lastigh te vallen; soo is den suppl:
211 1909 2506 2046 eijsten geweest bij d'E Heer van rheede met de voor aen„
207 2008 2527 2145 gehaelde ordoni: en daer naer gestelde reeckeningh die hem—
201 2107 2515 2235 suppl:s t' zijner E: ordre tot Coijlangs sodanigh waeren ter
192 2206 2520 2328 hant gestelt, niet afvraginge off sulcx zijn E: mejninge
214 2313 2469 2498 was gefweest: daer hem suppl:r noghtans geenige redenen
208 2454 2467 2613 waeren gegeven: van soo een schielijck vertreck, noge
205 2542 2509 2740 tot egeene verantwoordinge niet tegenstaende versoght
222 2673 2444 2830 en heeft mogen komen, waer op ten antwoort kreegh
169 2730 2497 2925 sodanige ordon: en reeckenings tot Cojlangs abulivelijck.
208 2867 2521 3052 was verleent, als zjnde sulcx: gansch buijten zijn Es
225 2967 2504 3166 meeninge geweest, en maer eenlijck getordonneert is, hem
213 3082 2440 3245 suppl:s naer gedaen transport op het schtip Macasser naer
211 3197 2490 3364 batavia te laten overgaen, gelijck zij suppl: met een
231 3316 2485 3483 verleende contra ordon:r en roijeringe der vorige van
220 3400 2508 3552 zijn E: klaerlijck zal bethouen die aldus is luijdende
833 3515 2381 3739 d' opperhoofden van 't Schip Macasser
838 3689 2297 3830 sullen over nemen den ondercoopman
844 3777 2496 3924 Goodonns Bohmer met reeckenings, eno
852 3861 2523 4000 plinderagie, onsme daer mede souder bedu„
847 3974 2368 4101 ninge na Batavia over te vaeren.
825 4073 2483 4243 Couchin den 27e: fb: 1677. was getekent
851 4173 1452 4324 H: V: Reede.
2310 4422 2447 4558 nu
2620 117 2798 353 43
2830 -5 3002 138 43.
