3069 4507
34 37 220 173 86:
47 147 188 283 86
8 686 664 913 De brieven den exicise
79 844 620 930 Regenten in tie salen
64 895 629 993 t d Canon schoden
58 942 544 1083 en 3. chorgiel. —
63 1832 645 1985 Deen Lagter den Sepir sacke
43 1971 626 2091 „coibantie tenglauw
43 2029 579 2133 n Sarihaande tot
140 2097 602 2228 betalinge Vergunt,
454 2930 591 3025 P
2707 51 2772 111 o
2431 145 2820 310 .
1029 229 1168 351 2
656 422 2909 617 wergebjaght en bij de welcke ons hope wert gegeven
637 604 2837 736 tot verkrijginge van een goeden handel in het groot
654 688 2871 861 rijck van Bina, soo is met ondienstigh geoordeelt
652 805 2900 965 deselve brieven wat reputatieus te laten jnsalen
635 927 2693 1097 namentlijck met drie hergies musquetten, en
2700 952 2843 1096 _
639 1081 2893 1225 seven Canouschoten. gelijck ordinarij aenbrrieven
653 1157 2803 1334 van andere uijtheenise potentaten gebruijcklyck
622 1304 801 1445 zij
642 1471 2636 1654 Senglauw. chinees Coopman en pagster vande
659 1647 2874 1825 leverantie der pepersacken, bij request versoght i
641 1750 2727 1915 hebbende, om mits desobere aenkomste des pepers
637 1865 2887 2000 en de schade die hij daer door komt telijden van die
643 1984 2835 2143 paght te mogen ontslagen werden, soo is daer op ver„
645 2092 2866 2267 staen hem twee maenden respijt tot het betaelen van
625 2192 2870 2378 zijn verlopen pagstpenningen te vergnnnen, met die
632 2307 2836 2471 hope en verwagstinge dat het selve grain, door de
654 2446 2841 2580 jongst verhooghde prijs van 4: tot 5: rx:n ’t picol onder„
643 2541 2802 2726 wijlen eerlange jn meer der quantiteijt ons zal
632 2640 1134 2818 toevloeijen.
649 2687 2737 3020 Batavia pit Casteel datim als boven
2280 3039 2987 3267 Van geenst.
2080 3280 3032 3506 N. Van On H
2271 3517 3005 3744 Van Camptuji
2293 3790 2447 3971 h
2279 3979 2661 4221 E
1734 3767 2409 4203 E
2845 16 2957 114 1
