3051 4587
32 69 259 254 296.
188 182 495 397 280
2512 353 2642 505 1:
2586 551 2985 763 eeseeken.
1811 616 2263 787 nsg get
867 551 1695 783 daecemen de
1077 753 1974 937 mn azin
636 1007 1758 1198 gedera
648 1151 2894 1327 deter gesoor bij den athune doude tesmen drangen
639 1290 3000 1496 Geeijck mede nett gedpprooeert de goede voorszige degen de
18 1302 547 1480 Ender ne te gode
16 1450 653 1546 Voorsorge tegen dequae
29 1455 2959 1645 Winde an geint de mineer van demeldenbosten gauwwoszen gouvermrr
653 1620 2777 1788 inderk geseld, en onsgelig de aleuw wijgerninge
15 1613 648 1773 als z Weigeren der onregt„
18 1729 590 1886 „ matige betalinge Jan
24 1797 293 1897 ƒ10200
630 1743 2906 1950 betalinan der 1020 guld:s dieden seres bonder Eenigh
639 1860 2980 2103 tondanend: ope keedt van deompag:t badde gevhetendelat,
637 2037 2934 2207 als oock dee woonenden, om janen bij naeder beuijte
672 2169 2746 2362 gewele digens ense moekelaers, en dienaeren geamo
21 2198 641 2379 Ium 't voornemen om
33 2343 634 2447 sijn gewelt net gewelt
646 2341 2657 2489 gebruijcken dop als dan wederommet geel
17 2407 431 2525 wederstaen
633 2485 2959 2629 onderstaen, ettomen me somman bulx
619 2602 2814 2752 soe el doenlk met alle voorsightigheijt naonog
-5 2625 586 2769 dooh sulx alzints te
7 2734 253 2868 duijden
661 2737 2842 2935 de mijder, ein Hoogen, dat het dien niet den Eoals Dn
628 2912 2907 3088 maer en besten sae aanstellen, ofmen soude anderzints,
628 3044 2831 3224 wel genoosaeck werden, in koren den Caticaele andere
9 3025 541 3236 Considentie om een
15 3149 630 3287 andere Resotutie omtrent
614 3149 2788 3366 tesolutie over den persiaenzen handel, en negotie de
3 3258 543 3364 de persische saaken te
38 3312 284 3438 emen
618 3292 2750 3517 moeten nemen, en.  gunt niet alleen de gamronze
20 3385 628 3520 en sulx de tesidentin ginder
3 3486 616 3616 aen de Hegunten aen 'thoff
620 3407 2967 3658 tegenten, maer oock door de spahanze Residenten aen dsdof
23 3545 527 3686 doen behent macken
607 3578 2928 3807 en self bij den athumaal doulen (die mis de de bauches
620 3720 2849 3919 des CConinx de het voornaemste bewindt in hander
620 3904 2990 4101 hoef ne Ernstige dogh modeste tok mer uijt onsen name
614 4045 2049 4244 wel sag mogen werden genotificeerd
2537 4145 2810 4322 niet
