3051 4510
2813 -35 2926 113 3
156 321 2389 564 ongelijcken tegen het gemanckte Ccontract den
1799 484 2103 598 deliberatie
152 493 2425 671 10: Julij Ao. 1859. Soo is na beriense goetgevonden
128 679 2410 857 ende verstaen den sultsan van Dantam, miet langer
2378 659 2967 839 omhen miet hangen
2350 808 2979 918 en onse onverdraghi
158 782 2367 950 onwedende te houden, dat wij uijt genegenheijt en
2374 883 3006 998 saemheijt Ver Ongelijk
155 888 2942 1103 liefde tot de greede wel veele dingen soo hedoen onsciende te houden
159 1045 2389 1255 laten passeren ende oer't Hoostesien, dogs Estter
85 1165 2442 1386 daer van net ongevoelighden zijn gesxeest. tot welck:
2437 1209 2988 1364 G Verstaen 't Jah
2385 1341 2996 1443 Testamen it dHld
166 1315 2360 1493 eijnde verstaen is met het vaght de flaman na
2379 1411 3000 1520 Ontfangen Piethoern
2403 1479 3017 1596 eenige Veeder geenivantd
154 1430 2401 1631 Pantam afeleaden den E: ontfanger generael
2425 1552 2993 1683 derwarts af te studsn
151 1631 2459 1777 WWillem van Onthoorn geadsisteert met den oppercoopn:
162 1704 2297 1885 dirck de Haes, den borger Coopman Adriaen van
157 1831 2463 2009 Decom, ende den ondercoopman Abraham van Riebeeck,
151 1976 3005 2181 ende nadien wij voor als nogh niet en konnen goet  voor Al moft
2387 2103 2938 2238 de Piltman Setb Jeg
171 2103 2399 2273 vinden hier van iets bij geschrifte, aenden gemelten
2413 2205 3021 2324 Geschuift perentte
2409 2275 2672 2404 maaks
177 2263 2381 2459 Sullhan bekent te maecken. soo zalden geelten
168 2397 2407 2598 ontfangen generael. eenlyck mede gegeven werden
2385 2465 3019 2620 ar H. Outhoorn met
167 2544 2979 2745 een brieff van gelooff ofte gredentie om zoo het een Cndentie brieff, en
2398 2639 3009 2735 een Mimoria van ons
166 2706 2991 2847 nodigh zij, te konnen worden vertoont, ende boven Ooghmerk te voorsien
166 2798 2335 3014 dien voor sigh selven. een schriftelijcke niemorie
164 2938 2478 3152 behellende ons oogsmerck met dese zijne afzending
107 3088 2456 3282 namentlijck,om den Sulthan vant gepasseerde kennis
195 3160 2908 3428 te doen hebben, ende met een te verseeckeren van Tinderende mden
2397 3269 2994 3412 nethuen 1o 1e se e.
2399 3371 2986 3463 Van Onse Ricuratue
187 3382 2417 3541 onse nogh continuerende begeerte en jiclinatie om
2431 3448 2721 3536 tot vrede
204 3515 2444 3682 met zijn maeijesteijt te blijven volhanden jn een ware
196 3618 2379 3835 opregste vreede ende vrundtschap, onder hope dat zijn
208 3776 2384 3956 majest: deselve genegentheijt in de zal laten blijcken
2461 3867 3028 4013 dato 6: Jan Haermd
214 3907 2450 4089 door het mijden van saacken stuijdende tegen het gene
2457 3978 3067 4082 vertdagt off dat de Saken
2438 4049 2964 4163 en uijten daer tegen
219 4009 2424 4178 Contract van breede, en door het beteren vend’odaige
2410 4059 3066 4249 strijdeonit niet Langer soude
2429 4178 3019 4312 Cnnis gedrogt Werden
2247 4156 2322 4288 8:
