3066 4678
2730 34 2963 151 263
2638 170 2944 358 263
225 396 2469 704 oe dnoijaleiclingh ons inden tenhandel
162 636 2422 834 soo tot siam als Digor, gelijck dan over memaekee
160 733 2289 987 zij geklaagt, nogh al mij sinderlijck schijndt en wesene
2392 841 3011 1017 e Hindrnisse in
178 919 2990 1130 is oes ondensightede datrover bij denu ofdesoudet der thinkandel aer
2375 1010 3031 1153 bijaberckelangh, matn
146 1050 2253 1267 bts aen denseeven, mae niet aenden Coninck, in
2230 1065 3029 1251 itt aen den Conincke
2409 1188 2708 1328 egen
99 1178 2144 1401 beleefde emen tehrijven, met hoope datt door
169 1315 2314 1582 alderbestevendige beterschap des goeden te sullen Erlangen
104 1461 3013 1693 Dme nu in diam wmgden een vas zeg voot in de Reotemen van Jarlijge
2412 1685 3037 1800 Provisie Voor 't operhooft
166 1662 2395 1865 tractementen van Compag:s dienaeren te doen oeserveren
2435 1747 2749 1860 Ven Tam
150 1761 2443 2013 O verstaen dat het opperhooft Jaerlijcx toe provisie uijt Comp=s
175 1898 1132 2135 ruaguazijn sal genieten
127 2031 962 2247 een salve legger wjn
153 2177 1182 2346 tweeendsevesh vont boeten
180 2291 893 2455 benguart bse tarn
158 2410 1364 2606 koetssen t suijnigh gebruijck
127 2539 2412 2741 Paecende wijders de tesient tot diger, en de verdere
152 2718 2358 2885 sumosten sigh nt daer odinaric kostgelt en fanssoen
143 2835 1429 3040 weten gedoen, bonder net
122 2999 2464 3189 En atebb de ongelden in slaen eenigetijkt hewwaerts nae
149 3178 2462 3343 de bevindinge dier negotie boecken bij den Edisttateur gen:t
151 3267 2987 3474 daniee patee dpgesteld, vrij gwootgevoellen sijn, Een o de suspe Handelinge
2348 3392 3013 3497 in siam door 't nieuwen
2445 3454 3013 3550 Opperhooft Aenoutsaa
166 3439 2967 3638 generaelijck de bestieringh des Landels ginder; soo inden m:r ijlaten onder soiken
148 3596 2547 3819 als verkoop van Coopmanschappen, niet min beordigh schijndt
141 3726 2559 3938 toegegaen, soo sal het nietwe opperhoost den E: aemoutsaa
160 3936 2505 4047 bij aparte memone weren gerecommanteert en aenbevolen
124 4023 2351 4271 sulx op 't rouwkeijngezj te vinersoecken, En ons
2132 4228 2391 4348 van
1715 4372 1796 4525 15
