3101 4694
49 881 117 1037 6
26 1 148 149 80
670 173 2753 612 Vrijdagh 1 Januarij 1638.
624 672 2852 933 Het. Eijck van zyn Ed: de Heere gouverneur generd
200 831 409 994 H gg
653 856 2838 1036 Joan Mlaetsuycker Bf: UE: heden, voor de middagh
646 977 2732 1185 met de behoorlijcke staedie ijde groote kerck der
222 1053 481 1227 b granen
648 1107 2831 1332 aerde besek zynde, soo heeft de vergaderingh nu oock
642 1229 2832 1434 gesproken, aengaende de publicque voorstellingh ofde
640 1343 2870 1599 antsorisatie vanden Eeeren Ryckloffe van hoens que¬
81 1333 638 1550 d :e Rschef
71 1516 678 1626 van Gocus op haendag
661 1492 2860 1686 desselfs plaetse te gouver duur generake, van India.
75 1578 636 1696 20. dP Pilluit d
92 1659 641 1769 Gouverneur Gndtrael
661 1616 2842 1818 't welck geieeut wert dat op morgen soude konnen
89 1724 655 1826 te doen authouseren
41 1797 645 1920 voor al den Vohtn
665 1741 2847 1943 geslieden jndien daer en tegen, niet weder jn consi„
581 1902 2729 2027 der adse was gekolen, dat het selve wel eenige
648 1997 2835 2198 verhinderings soude konnen toebrengen. jnde voorbe„
643 2130 2832 2266 reijdinge tot des Heeren Ed: Avondmael, 'twelck op
647 2242 2870 2432 overmorgen alhier zal werden uijtgedeelt: ende
639 2368 2834 2508 om welcke reden dan oock goetgevonden is, de
666 2501 2860 2715 voornoemde authorisatie uijt testellen tot maendags
659 2619 2722 2838 aenstaende zijnde den 10:' deser lopende maent
680 2880 2694 3152 Batavin int Casteel datum als boven
2157 3100 2727 3312 Tringoe ns.
2293 3234 2882 3457 Taurent Pits
1988 3403 3016 3624 p. A.Vertwater
2125 3848 2741 4216 Pen Jan
2107 4290 2853 4567 Jat Canplulijs
2113 4487 2459 4635 Soet
486 3020 575 3155 C
