3173 4578
2866 31 3032 205 d1
559 418 2428 665 crisipcle Rodtutien.
721 615 2386 903 disfastels Batavia deser Jaere
1246 838 1645 1040 128
318 1129 2260 1389 Taandagh 3:' Jannuar
322 1586 2492 1785 Devergaderingh nu zedene eenigen tijt hderwaerts
256 1759 2497 1979 haere gedaghten hebbende liaten gaen op het gedoente
262 1882 2489 2132 en bedrijff van den suclodan, ende die vande Rep„
2444 1919 3064 2138 o het woelen en de
262 2029 3129 2253 ringe toe Bandam, de welcke geduirende de brte den bantammn
251 2186 2524 2386 beroerten, ende verwerde Regeringe, onder het gebied
192 2286 2510 2537 van den Sousouhounangh Mataram, niet alleen hebben
78 2452 2485 2650 ven tot haer na Bantam te locken, ende aldaer aen
252 2600 2528 2805 te houden de Drincen van Cheribon, zijnde wettige
2472 2721 3095 2872 Taag ende nit allen
255 2726 2389 2936 onderdanen vanden gemelte sousousounangs maer
2515 2858 3106 2975 des Sousouhounangs
268 2853 2519 3027 oock hun meesten te maecken, en onder haer subjectie
2510 2921 3048 3035 Maer ook Selfs d
2487 2987 2956 3109 landen in ons
269 2978 2460 3203 te brengen. verscheijde Importante dorpen. gelegen
2474 3063 3130 3181 hrisdictie Van batavia
2499 3145 2955 3267 nahaer te truchen
270 3131 2514 3366 jnt zuijden van dese stadt, op ’s Comp:s bodem en
284 3273 2471 3461 binnen de Iurigdictie van Paccatra alwaer wij
276 3421 2492 3616 voor desen tot gevorderingh van den Lantbouw als
275 3551 2479 3739 mede om andere goede redenen de Tacamen, onder
277 3655 2532 3856 het gebiedt van gem sousoustounangh staende seer
288 3844 2553 4006 gaerne hebben gedooget. ende waer uijt dan niet anders
288 3970 2539 4183 konnende beslooten, ofte vastgestelt worden als dat
277 4108 2507 4344 het traghten van die van Bantam, zij om onder
2267 4250 2494 4391 dese
