3234 4598
2972 5 3149 209 291
2853 196 3116 365 231
316 522 2611 747 sijn genotisiieert en voorgedraageen gelijck dan
391 722 2628 875 verstn is ommeren dat mmedesen oversaeckn
338 890 2358 1040 van bodanisatinde sermeten geschieden
315 1004 3152 1199 watendaenar het woecenen onse de bueven aende
2603 1175 3107 1268 Passen aen de mooren
329 1210 3187 1371 vhooren: derwegen is verstaen bij de ordres p=r Stemb: 1636. rart bij de gegen orders
2619 1305 3168 1422 Van No. 1676. en 1671
340 1336 2958 1484 en 20:' augiudij 16: op d point geheven als ubjr dor dijnnrt
358 1512 2631 1671 ersisteren, soo eene als het meer Eenigermactenn souder
360 1636 2610 1848 de engelsen, of andere zijopeze vrunden te offencoee
329 1764 3220 1967 kan worden staende gehouden, Inwygen dat dien aengaende Ensn dangemade
2593 1929 3196 2023 ordre Vande Here Mr
2547 1962 2995 2117 werden Versoght
336 1945 2548 2151 een ngeder positiveo de der heegen m=t ste werden
353 2146 2488 2308 versogtt, en ondertusschen het wjgeren derselve aen
359 2250 3203 2433 albernis Jacroup, als de prooduven omentewee de soge hodnethode
2593 2395 3146 2552 daer Omtrent Goet
357 2434 2614 2637 bintaneze sheppjes over haare swetserijen, en dilibendier
339 2571 2459 2778 onser passen gebruijckt, voor wel gedaen wert aengesien
339 2684 3189 2895 Toewel men Eghber paedesen alsulcke plerpevisites, in den . . .
2650 2866 3155 3020 desen te Excuseren
345 2839 2668 3087 Lande daer wij maer nevens andere als Cooplieden woonen
348 3008 3161 3235 best mogen blijven geExcuseert, zn aende geene, diemen „ „
2583 3176 3190 3284 Jan Weijgeren Voorals
361 3158 2445 3414 hietlicht kan weijgeren, voor als nogh twe Deebrieve
2599 3230 3106 3353 Rops zchrieven te
2600 3314 2945 3466 allen
360 3289 2569 3562 werden verleent, naer vlaeken die des Compag:s negotie
358 3460 2660 3726 minst konnen vrejndiceren, Imnmer tot soo Lange men
359 3651 2164 3868 van hier niet anders Comt te ordonneren
359 3857 2646 4104 zoo salboor de directeur en landt werden geaucthorieert
2396 4105 2576 4231 den
1923 4281 1973 4531 5
