3157 4670
2905 5 3154 162 375.
2909 141 3120 313 375
712 208 2038 666 We ee de e dete
234 640 2664 838 Sijsgever dn meendelijge kest en vansoen geden ng
363 788 2087 940 van eneuwe wj die vereetenen de
234 897 2627 1190 E Jolk op teben te knden blee dusten e
359 1090 3029 1334 tet Setun C e: d oer sore ne baen parpe
2658 1259 3093 1378 Tue Artrte
336 1220 2709 1477 als een bequaem man daer toe aengestelt een oopman
372 1369 2591 1629 Lan pwe En meder in sede  are
324 1512 2523 1774 van don genepareer, ontsange den ads: gont Joampe
362 1676 2554 1927 prsjtiman pritejt boenwagteer, en neeckipiaste
2686 1764 3138 1916 den Bage Eert
2768 1888 3112 1972 S or
344 1864 2491 2078 dat al metoenen woeder is vergoven; aenden borger
535 1983 2396 2215 de Jansz: om sijndaalhande als anders dat
531 2199 1016 2389 sjt geagtt
445 2380 2762 2667 atuviarn Hseeel datm als voten
2354 2620 3104 2856 Van doetis
2360 2807 2591 3028 e
2050 2943 2619 3207 Bman
1911 3239 2947 3491 J van Onthoer
1857 3511 2874 3812 Joan hanhelije
