3138 4583
12 50 116 193 40
85 228 321 441 40
821 405 2887 617 endragst die gemeent west: dat wat te diep
650 578 2719 795 gaende zij en niet wel de rivier zal konnen
650 700 1081 918 op komen.
652 848 2836 1120 den D: Constantin Hobes tweede oppercoopman
116 946 643 1158 Crsen de e l
663 1030 2715 1243 deses Casteels, nu al een geruijmen tijt beladen
47 1097 594 1209 Op Ejsagk Versoek.
50 1174 665 1285 mi ehde Voor eenigen
59 1222 633 1352 tijt van zijn diens d
652 1158 2684 1393 geweest zijnde met een guijnende sieckte
7 1285 368 1442 Pontslagtn
661 1296 2845 1500 waer door hem die swaere bedieningh al vrij
654 1429 2811 1637 moeijlijck zij gevallen, en nu nogh dagelijcks nits
663 1581 2919 1741 continuerende swackheijt toe langer hoe lattiger.
656 1716 2712 1909 valt, heeft nu seer Ernstigh versoght, ont
676 1817 3021 2007 van de selve ontslagen te mogen zijn, tot dat
669 1968 2902 2194 zijne dispositie, en kraghten sullen toe laten dien
665 2138 3016 2338 dienst weder als voor henen te konnen waernemen
657 2256 2929 2424 waer op gedelibereert zijnde. soo is goetgevonden
661 2411 2880 2637 zijn E: het voornoemde versoeck te accorderen
667 2574 2844 2751 ende toe te staen; mitsgaders die plaets bij
47 2612 667 2805 Vn Van Maro al
681 2718 2821 2867 provisis te laten beheeden (ondergelijcke ver¬
50 2756 695 2866 J Hd Bogan Jant
60 2838 718 2926 Casfer Joohand bij provisie
55 2832 2802 2987 te laaten waernemen door antwoordinge met den eersten oppercoopman
61 2957 676 3083 den 8pprr Cortemen gehind
27 3006 357 3152 e shingh
669 2998 2870 3140 d' E: Gerrit Dreelandt) door den oppercoopman
660 3141 2852 3273 Gelimer Dosburgh, een persoon zijnde van ver„
673 3226 2734 3441 Eijschte bequaemheijt, onder texpresse conditie
2798 3415 2866 3520 —
579 3381 2816 3540 dat weder zal moeten wycken, en opstaen
681 3504 2788 3683 soo haert als gem: E: Constantin Hobeh
671 3655 2908 3867 genegentheijt en kraghten zal hebben om deselve
668 3806 2079 3988 dienst weder waer te nemen.
662 3960 2935 4180 js jn vergaderingh verschenen Heodorus vosmeer
2609 4163 2857 4269 over
3039 1723 3123 1846 5
