3178 4731
574 486 736 632 2o
494 494 1108 689 :1678.
946 750 2098 1166 Rejister en
1018 876 2305 1361 1
1097 1350 2143 1540 Kasteels Batavia
1059 1518 2127 1743 deser Jaare 1678.—
963 1955 1573 2167 Januarij
380 2192 2178 2382 o D het Woelen, en deberoerte der bantaminers.
437 2323 2613 2470 „ngt niet alleen des sousousounanghs, maer oock selfs de sinde
678 2424 2226 2546 in onse Iuisdictie van batavia na haer te trecken
328 2462 1354 2641 Oin/daer gebiet te vergrooten.
286 2601 1855 2749 — J:s gereboeteert daer tegens wel op Boede: te schii„
348 2683 1896 2795 dea schaesen bedenckinge over haer gedoente
510 2776 2465 2926 n hun niet langer van onse verdraeghaemhijt veler ongelicken
668 2859 1346 2968 omvetende te souden
393 2894 2741 3106 : verthaen ’t Iaght de flaman met d’E: Ontfangen ithoorn, en Eenige
574 3050 2025 3169 wijder gecommitteerd derwarts aftesenden
398 3072 2393 3304 enden Voj ale nogh de biuthan ijets bij geschrift bekent te maeken
384 3252 2637 3404 maer dE: outhoorn iet een Zredentie brieff, en een memoris van ons
657 3307 1504 3446 ooghmerck te voorsien .. - .
384 3384 2809 3570 tenderende om den zulthan te vertekenen van onse Inclinatie tot weede. „
386 3510 2780 3675 datmen van haer mede verwacht, off dat de saaken En geijten daer tegen strijdende
616 3599 2406 3766 niet Langer souden konnen gedooghe werden - - - - - -
304 3642 2717 3870 de Pope Gert ans: met een brieffije tot semmaninge van Troume
591 3784 2082 3941 aen den Pangivan Van Cammadangh aff te senden
400 3869 2773 4034 d Crijgsmaghe LanaConongpouw aff tesenden: met nogh: 30. en alsoo tot 150. man
617 3968 1324 4126 sanmnen te vers Terken
506 4043 2578 4224 pen Com:s dewit in plaets van Clads Vlock op de Lantman
681 4155 1729 4327 Natius Wederop Duijnvlijt
