3159 4665
79 -8 326 181 478
90 155 372 378 478
719 484 1256 721 ode
2322 734 2367 860 b
1961 730 2205 861 6
34 829 2439 1041 dn hen dent neldensdeij teer te lak tgeaenbaage d
10 1005 577 1112 Krieche tot Peocureur
691 1014 2880 1187 ede dquedhe vornme due and Eccz
9 1063 527 1154 door de bancken van
10 1129 562 1273 Tistitie Geadmitteert
1106 1115 1867 1284 va dnal
555 1254 2682 1407 gecamtet onder vangeven en benn de
545 1381 2417 1580 bequaam te zyn; soo is hem succx pint
11 1455 611 1635 diana van Ren
594 1520 2405 1723 en insgelijcx aen genanaann ege
13 1625 2571 1843 Pasige Jnher na ompag: kchepen naer amer te mogen overvaar
5 1690 506 1837 op timor toegesoren
540 1763 2646 1988 en aldaer te woonen bij haarman, seenne
2629 1865 2854 1964 nan
728 1856 1582 2047 o gelis bommer
617 2019 2722 2244 b e eed se ge ene beuigle en ven den ae
530 2172 2751 2400 twee verlaringen, van den Tampagiem  Jacob Gis
517 2314 2810 2462 met gecommitteerde schippers en dimmerlieden; Heende
-4 2346 530 2522 Verklaringen van
540 2434 2856 2640 goordnneert geweest toe visne van het gantsch afgevaren
-4 2475 492 2593 de quade gestalte en
-2 2556 516 2648 bequaemheijt van
537 2542 2676 2744 schip=golsbroek, en oock van d Jaghtja de spctuijn
-3 2621 537 2743 't schp Z: Polsbroeck
-4 2704 508 2841 en't Iagje de fortuijn
530 2642 2712 2879 beijde ondan boerleek en qualijck gesteld van den ijn
521 2777 2666 3027 op Javas oost st hier do tugge gekonden; zuijdende
506 2924 1964 3103 voorschrevcsarinen als volght
602 3095 2667 3314 Wij mdlr gedeleen sijn der ordre vanden d Heer
684 3255 2733 3406 ijtke van goens Gouverneur generael P. d Ed: Heeren
711 3368 2833 3548 Laaden van India gerdanneerd, hij: gecommier wonme schip
734 3475 2599 3612 uijdpolsbwick tegaen besichgen, hoedanigh heeselve van
731 3542 2691 3704 righhemheijd, en gestalde moehde gesteld d=zen; twelcke
716 3646 2782 3844 door ons ndergese met goede opmerckinge gedaen is Ed
712 3764 2336 3911 besonden Hebben gecondoneert devezen als bolcht
749 3862 2397 4006 daghtersteren is door verwoeseijd diers affgebrooken
2393 3902 2735 4031 de
718 3990 2799 4116 ontsom houden sijn en eenemaelvergaen; ook zijn emeerendeel
2504 4108 2890 4251 de balcken
