<?xml version="1.0" encoding="UTF-8" standalone="yes"?>
<PcGts xmlns="http://schema.primaresearch.org/PAGE/gts/pagecontent/2013-07-15" xmlns:xsi="http://www.w3.org/2001/XMLSchema-instance" xsi:schemaLocation="http://schema.primaresearch.org/PAGE/gts/pagecontent/2013-07-15 http://schema.primaresearch.org/PAGE/gts/pagecontent/2013-07-15/pagecontent.xsd">
    <Metadata>
        <Creator>prov=University of Rostock/Institute of Mathematics/CITlab|PLANET AI GmbH/Gundram Leifert/gundram.leifert@planet-ai.de:name=Dutch Mountains (18th Century)(htr_id=21683)::::v=2.6.6
prov=University of Rostock/Institute of Mathematics/CITlab|PLANET AI GmbH/Tobias Gruening/tobias.gruening@planet-ai.de:name=de.uros.citlab.module.baseline2polygon.B2PSeamMultiOriented:v=2.6.6
prov=University of Rostock/Institute of Mathematics/CITlab|PLANET AI GmbH/Tobias Gruening/tobias.gruening@planet-ai.de:name=/net_tf/LA73_249_0mod360.pb:de.uros.citlab.segmentation.CITlab_LA_ML:v=2.6.6
Transkribus</Creator>
        <Created>2020-09-07T17:36:50.658+07:00</Created>
        <LastChange>2020-09-07T15:43:43.816+02:00</LastChange>
        <TranskribusMetadata docId="471980" pageId="19528214" pageNr="98" tsid="39440357" status="IN_PROGRESS" userId="15017" imgUrl="https://files.transkribus.eu/Get?id=KVAKMXWTBQYBJTCWDGEMLGPR&amp;fileType=view" xmlUrl="https://files.transkribus.eu/Get?id=ITHZUMBLZYBSVIXPOHENPVCD" imageId="15088051"/>
    </Metadata>
    <Page imageFilename="ID-ANRI_K66a_890_98.jpg" imageWidth="3090" imageHeight="4611">
        <ReadingOrder>
            <OrderedGroup id="ro_1620456093737" caption="Regions reading order">
                <RegionRefIndexed index="0" regionRef="r1"/>
                <RegionRefIndexed index="1" regionRef="r2"/>
                <RegionRefIndexed index="2" regionRef="r3"/>
                <RegionRefIndexed index="3" regionRef="r4"/>
            </OrderedGroup>
        </ReadingOrder>
        <TextRegion orientation="0.0" id="r1" custom="readingOrder {index:0;}">
            <Coords points="29,12 29,327 125,327 125,12"/>
            <TextLine id="r1l1" custom="readingOrder {index:0;}">
                <Coords points="18,163 38,157 63,159 79,140 106,131 112,123 123,133 144,131 134,9 103,16 93,27 71,18 58,23 43,14 33,22 6,24"/>
                <Baseline points="29,104 61,104 93,102 125,95"/>
                <TextEquiv>
                    <Unicode>98</Unicode>
                </TextEquiv>
            </TextLine>
            <TextLine id="r1l2" custom="readingOrder {index:1;}">
                <Coords points="19,290 41,301 62,340 93,346 143,183 119,179 99,162 88,162 83,154 63,147"/>
                <Baseline points="44,270 92,285"/>
                <TextEquiv>
                    <Unicode>8</Unicode>
                </TextEquiv>
            </TextLine>
            <TextEquiv>
                <Unicode>98
8</Unicode>
            </TextEquiv>
        </TextRegion>
        <TextRegion orientation="0.0" id="r2" custom="readingOrder {index:1;}">
            <Coords points="41,20 41,4464 2931,4464 2931,20"/>
            <TextLine id="r2l1" custom="readingOrder {index:0;}">
                <Coords points="1503,111 1527,109 1537,98 1565,99 1581,90 1602,92 1591,-36 1573,-35 1528,8 1513,-5 1493,0"/>
                <Baseline points="1515,69 1548,69 1581,63"/>
                <TextEquiv>
                    <Unicode>1</Unicode>
                </TextEquiv>
            </TextLine>
            <TextLine id="r2l2" custom="readingOrder {index:1;}">
                <Coords points="581,551 2746,564 2802,379 2569,292 2144,354 1605,172 1364,270 832,234 581,387"/>
                <Baseline points="599,524 708,527 817,528 926,530 1036,531 1145,531 1254,531 1363,531 1473,530 1582,530 1691,528 1800,528 1910,527 2019,527 2128,527 2237,527 2347,528 2456,530 2565,531 2674,534 2784,539"/>
                <TextEquiv>
                    <Unicode>Dijnsdagh 13:' Maij 1638.—</Unicode>
                </TextEquiv>
            </TextLine>
            <TextLine id="r2l3" custom="readingOrder {index:2;}">
                <Coords points="600,1108 2915,1071 2914,970 2768,922 2337,1011 1915,925 1414,1025 1226,928 599,955"/>
                <Baseline points="618,1059 737,1059 857,1059 977,1059 1097,1058 1217,1058 1337,1058 1457,1056 1577,1056 1697,1055 1817,1055 1937,1053 2057,1053 2177,1053 2297,1052 2417,1052 2537,1052 2657,1052 2777,1052 2897,1052"/>
                <TextEquiv>
                    <Unicode>tesproken zijnde vanden soberen voorraedt peper.</Unicode>
                </TextEquiv>
            </TextLine>
            <TextLine id="r2l4" custom="readingOrder {index:3;}">
                <Coords points="623,1206 2827,1210 2827,1102 2729,1078 623,1102"/>
                <Baseline points="642,1170 750,1168 858,1167 967,1166 1075,1164 1184,1164 1292,1164 1401,1164 1509,1164 1618,1166 1726,1166 1834,1166 1943,1166 2051,1166 2160,1166 2268,1164 2377,1164 2485,1163 2594,1160 2702,1158 2811,1154"/>
                <TextEquiv>
                    <Unicode>hier bij de packhuijsen, en dat men wel een kloecke</Unicode>
                </TextEquiv>
            </TextLine>
            <TextLine id="r2l5" custom="readingOrder {index:4;}">
                <Coords points="54,1236 218,1219 267,1243 319,1226 389,1247 444,1205 504,1240 549,1226 611,1247 612,1136 584,1125 507,1156 465,1125 399,1132 368,1100 232,1114 183,1159 55,1135"/>
                <Baseline points="71,1215 97,1215 123,1214 149,1214 175,1214 201,1214 227,1214 253,1215 279,1215 305,1215 332,1215 358,1216 384,1217 410,1217 436,1217 462,1217 488,1216 514,1215 540,1214 566,1213 593,1211"/>
                <TextEquiv>
                    <Unicode>om te beter den Peper</Unicode>
                </TextEquiv>
            </TextLine>
            <TextLine id="r2l6" custom="readingOrder {index:5;}">
                <Coords points="66,1291 108,1290 143,1313 209,1309 267,1269 432,1315 483,1276 570,1274 570,1225 504,1241 444,1207 343,1240 218,1218 148,1237 134,1223 65,1231"/>
                <Baseline points="83,1277 109,1277 135,1278 161,1278 187,1278 213,1278 239,1278 265,1278 291,1277 317,1277 343,1276 369,1275 395,1274 421,1274 447,1273 473,1272 499,1271 525,1270 552,1269"/>
                <TextEquiv>
                    <Unicode>door de Comptg: te</Unicode>
                </TextEquiv>
            </TextLine>
            <TextLine id="r2l7" custom="readingOrder {index:6;}">
                <Coords points="615,1284 2780,1292 2780,1219 2519,1176 615,1200"/>
                <Baseline points="632,1275 738,1275 845,1275 951,1275 1058,1275 1164,1275 1271,1275 1377,1275 1484,1275 1590,1277 1697,1277 1803,1277 1910,1278 2016,1278 2123,1278 2229,1280 2336,1280 2442,1281 2549,1281 2655,1283 2762,1283"/>
                <TextEquiv>
                    <Unicode>quantiteijt van dat grain soo voor't vaderlandt Aina</Unicode>
                </TextEquiv>
            </TextLine>
            <TextLine id="r2l8" custom="readingOrder {index:7;}">
                <Coords points="66,1391 234,1401 268,1368 321,1398 389,1354 445,1381 443,1283 360,1300 265,1267 210,1307 144,1312 109,1289 64,1301"/>
                <Baseline points="84,1344 110,1344 136,1344 163,1344 189,1344 216,1344 242,1344 269,1343 295,1342 322,1340 348,1339 375,1338 401,1336 428,1334"/>
                <TextEquiv>
                    <Unicode>bemaghtigen</Unicode>
                </TextEquiv>
            </TextLine>
            <TextLine id="r2l9" custom="readingOrder {index:8;}">
                <Coords points="2811,1405 2827,1400 2832,1391 2840,1393 2850,1379 2857,1377 2868,1355 2873,1357 2877,1349 2894,1344 2873,1274 2856,1279 2845,1289 2813,1281 2808,1286 2777,1292"/>
                <Baseline points="2817,1365 2847,1359 2877,1347"/>
                <TextEquiv>
                    <Unicode>3</Unicode>
                </TextEquiv>
            </TextLine>
            <TextLine id="r2l10" custom="readingOrder {index:9;}">
                <Coords points="629,1406 2811,1409 2783,1280 2401,1351 2237,1281 1039,1276 973,1342 629,1287"/>
                <Baseline points="645,1388 752,1388 859,1388 967,1388 1074,1388 1182,1388 1289,1388 1396,1388 1504,1389 1611,1389 1719,1389 1826,1389 1933,1389 2041,1389 2148,1389 2256,1388 2363,1388 2470,1386 2578,1385 2685,1383 2793,1382"/>
                <TextEquiv>
                    <Unicode>als d’ andere jndischte Comptoiren zal benodigen, soo is</Unicode>
                </TextEquiv>
            </TextLine>
            <TextLine id="r2l11" custom="readingOrder {index:10;}">
                <Coords points="616,1518 2757,1549 2757,1451 2580,1406 2197,1458 1490,1399 1295,1462 616,1399"/>
                <Baseline points="633,1494 738,1494 843,1494 949,1494 1054,1494 1160,1494 1265,1495 1370,1496 1476,1496 1581,1496 1687,1497 1792,1497 1897,1497 2003,1497 2108,1497 2214,1497 2319,1496 2424,1494 2530,1493 2635,1491 2741,1490"/>
                <TextEquiv>
                    <Unicode>om den Peper van Palimbangh ende negotie van</Unicode>
                </TextEquiv>
            </TextLine>
            <TextLine id="r2l12" custom="readingOrder {index:11;}">
                <Coords points="619,1638 2464,1646 2697,1601 2698,1531 619,1519"/>
                <Baseline points="635,1601 737,1599 839,1599 941,1599 1044,1599 1146,1599 1248,1601 1351,1601 1453,1602 1555,1602 1658,1604 1760,1604 1862,1605 1964,1605 2067,1605 2169,1605 2271,1605 2374,1604 2476,1602 2578,1601 2681,1599"/>
                <TextEquiv>
                    <Unicode>dat comptoir te beter alleen su Compt: gewelt</Unicode>
                </TextEquiv>
            </TextLine>
            <TextLine id="r2l13" custom="readingOrder {index:12;}">
                <Coords points="619,1721 2844,1723 2733,1615 619,1638"/>
                <Baseline points="635,1703 744,1701 854,1701 963,1701 1073,1701 1182,1703 1292,1703 1401,1704 1511,1706 1620,1706 1730,1707 1839,1709 1949,1709 2058,1710 2168,1710 2277,1709 2387,1709 2496,1707 2606,1704 2715,1701 2825,1697"/>
                <TextEquiv>
                    <Unicode>te krijgen en te houden, ten meesten dienste van se</Unicode>
                </TextEquiv>
            </TextLine>
            <TextLine id="r2l14" custom="readingOrder {index:13;}">
                <Coords points="638,1847 1815,1872 2020,1805 2267,1871 2817,1811 2817,1727 638,1743"/>
                <Baseline points="656,1815 763,1815 870,1815 977,1815 1084,1815 1191,1815 1298,1815 1405,1815 1512,1815 1619,1815 1727,1815 1834,1815 1941,1814 2048,1814 2155,1814 2262,1814 2369,1812 2476,1812 2583,1811 2690,1809 2798,1809"/>
                <TextEquiv>
                    <Unicode>de Comp:s vastgestelt de borger en particuliere</Unicode>
                </TextEquiv>
            </TextLine>
            <TextLine id="r2l15" custom="readingOrder {index:14;}">
                <Coords points="46,1872 127,1896 186,1884 214,1912 249,1887 308,1890 375,1934 468,1891 660,1906 658,1784 623,1791 553,1744 484,1766 438,1745 366,1788 177,1752 45,1789"/>
                <Baseline points="63,1878 91,1878 120,1878 149,1877 178,1877 207,1877 236,1877 265,1877 294,1877 323,1877 352,1877 380,1877 409,1877 438,1875 467,1875 496,1875 525,1874 554,1872 583,1871 612,1869 641,1868"/>
                <TextEquiv>
                    <Unicode>deborger, en particulere</Unicode>
                </TextEquiv>
            </TextLine>
            <TextLine id="r2l16" custom="readingOrder {index:15;}">
                <Coords points="626,1935 2656,1976 2872,1940 2871,1790 2617,1876 2376,1815 2116,1886 2032,1814 1848,1881 1360,1818 626,1886"/>
                <Baseline points="645,1931 755,1931 865,1931 976,1931 1086,1931 1197,1929 1307,1929 1417,1928 1528,1928 1638,1926 1749,1926 1859,1925 1969,1923 2080,1923 2190,1922 2301,1920 2411,1920 2521,1919 2632,1919 2742,1919 2853,1919"/>
                <TextEquiv>
                    <Unicode>vaert na gemelte Palimbangh voortaen jntgeseel</Unicode>
                </TextEquiv>
            </TextLine>
            <TextLine id="r2l17" custom="readingOrder {index:16;}">
                <Coords points="34,1967 417,1937 466,1958 546,1943 581,1978 616,1974 616,1905 553,1901 528,1877 448,1912 400,1871 226,1903 194,1882 128,1897 72,1873 34,1883"/>
                <Baseline points="50,1938 77,1939 105,1940 132,1940 160,1941 187,1941 215,1941 242,1941 270,1943 297,1943 325,1943 352,1942 380,1941 407,1941 435,1941 462,1940 490,1940 517,1939 545,1937 572,1936 600,1934"/>
                <TextEquiv>
                    <Unicode>Datt: naer Palssibang</Unicode>
                </TextEquiv>
            </TextLine>
            <TextLine id="r2l18" custom="readingOrder {index:17;}">
                <Coords points="56,2018 126,2013 193,2061 224,2036 273,2063 380,2032 419,2056 461,2059 488,2034 590,2056 587,1945 483,1961 410,1938 167,1964 138,1947 101,1972 55,1966"/>
                <Baseline points="72,2006 98,2006 124,2006 150,2005 176,2004 203,2004 229,2004 255,2004 281,2003 307,2003 334,2003 360,2002 386,2001 412,2001 438,2000 465,1999 491,1998 517,1997 543,1996 570,1995"/>
                <TextEquiv>
                    <Unicode>in 't gesen Verboden</Unicode>
                </TextEquiv>
            </TextLine>
            <TextLine id="r2l19" custom="readingOrder {index:18;}">
                <Coords points="624,2095 2765,2049 2765,1990 2372,1934 1244,2005 624,1932"/>
                <Baseline points="642,2045 747,2045 852,2045 957,2045 1063,2046 1168,2046 1273,2046 1379,2048 1484,2048 1589,2048 1695,2049 1800,2049 1905,2049 2010,2049 2116,2048 2221,2048 2326,2046 2432,2045 2537,2044 2642,2042 2748,2040"/>
                <TextEquiv>
                    <Unicode>afteschaffen en te verbieden; sullende tot te beter</Unicode>
                </TextEquiv>
            </TextLine>
            <TextLine id="r2l20" custom="readingOrder {index:19;}">
                <Coords points="632,2170 2861,2195 2860,2080 2595,2055 632,2111"/>
                <Baseline points="648,2165 757,2165 867,2165 977,2165 1087,2165 1197,2163 1306,2163 1416,2162 1526,2160 1636,2160 1746,2159 1855,2157 1965,2156 2075,2156 2185,2154 2295,2153 2404,2151 2514,2150 2624,2150 2734,2148 2844,2148"/>
                <TextEquiv>
                    <Unicode>voortsettinge van dien handel oock nogh 4000. realen</Unicode>
                </TextEquiv>
            </TextLine>
            <TextLine id="r2l21" custom="readingOrder {index:20;}">
                <Coords points="48,2214 187,2202 222,2233 250,2205 302,2208 365,2239 403,2204 497,2231 528,2203 608,2196 607,2067 506,2068 447,2127 384,2079 287,2090 217,2070 158,2109 102,2071 47,2092"/>
                <Baseline points="66,2193 92,2195 118,2196 144,2196 171,2198 197,2198 223,2199 249,2199 276,2199 302,2199 328,2199 354,2199 381,2199 407,2198 433,2198 459,2196 486,2195 512,2194 538,2193 564,2191 591,2189"/>
                <TextEquiv>
                    <Unicode>Nogs 4000. p: nlen</Unicode>
                </TextEquiv>
            </TextLine>
            <TextLine id="r2l22" custom="readingOrder {index:21;}">
                <Coords points="34,2298 180,2270 246,2291 431,2274 459,2292 511,2267 633,2292 633,2191 521,2205 494,2229 393,2204 365,2222 340,2197 274,2218 250,2204 226,2228 180,2200 142,2218 34,2204"/>
                <Baseline points="51,2247 79,2252 107,2256 135,2260 163,2262 192,2264 220,2265 248,2265 276,2265 304,2265 333,2265 361,2264 389,2263 417,2262 445,2261 474,2259 502,2259 530,2258 558,2258 586,2258 615,2258"/>
                <TextEquiv>
                    <Unicode>P:r Miuritus napale .</Unicode>
                </TextEquiv>
            </TextLine>
            <TextLine id="r2l23" custom="readingOrder {index:22;}">
                <Coords points="637,2297 2642,2303 2802,2281 2801,2159 636,2224"/>
                <Baseline points="653,2280 759,2280 866,2280 972,2279 1079,2279 1185,2279 1292,2277 1398,2277 1505,2277 1611,2277 1718,2276 1824,2276 1931,2274 2037,2274 2144,2273 2250,2273 2357,2271 2463,2271 2570,2270 2676,2268 2783,2267"/>
                <TextEquiv>
                    <Unicode>van aghten, met het schip Mauritius Eijlandt</Unicode>
                </TextEquiv>
            </TextLine>
            <TextLine id="r2l24" custom="readingOrder {index:23;}">
                <Coords points="67,2382 95,2390 116,2379 126,2390 147,2390 186,2356 255,2364 291,2347 329,2351 330,2292 267,2277 243,2287 191,2269 68,2288"/>
                <Baseline points="84,2328 109,2327 134,2327 159,2328 184,2328 210,2330 235,2330 260,2330 285,2330 311,2327"/>
                <TextEquiv>
                    <Unicode>te senden</Unicode>
                </TextEquiv>
            </TextLine>
            <TextLine id="r2l25" custom="readingOrder {index:24;}">
                <Coords points="626,2434 1541,2392 1615,2433 1726,2396 1873,2425 1850,2314 1774,2354 1644,2304 1454,2352 1226,2286 886,2354 624,2299"/>
                <Baseline points="642,2403 702,2405 763,2406 823,2406 884,2406 945,2405 1005,2405 1066,2403 1126,2402 1187,2400 1248,2399 1308,2397 1369,2395 1429,2394 1490,2393 1551,2391 1611,2391 1672,2391 1732,2391 1793,2393 1854,2394"/>
                <TextEquiv>
                    <Unicode>derwaerts gesonden werden..</Unicode>
                </TextEquiv>
            </TextLine>
            <TextLine id="r2l26" custom="readingOrder {index:25;}">
                <Coords points="615,2592 2836,2637 2836,2515 2690,2484 2352,2531 2071,2443 1757,2529 1350,2441 1029,2524 880,2440 615,2453"/>
                <Baseline points="632,2573 741,2570 850,2568 960,2567 1069,2566 1178,2565 1288,2565 1397,2566 1506,2567 1616,2567 1725,2568 1834,2570 1944,2570 2053,2571 2162,2571 2272,2573 2381,2573 2490,2573 2600,2573 2709,2573 2819,2571"/>
                <TextEquiv>
                    <Unicode>gelijck dan oock om reden vande kleenen voor raet</Unicode>
                </TextEquiv>
            </TextLine>
            <TextLine id="r2l27" custom="readingOrder {index:26;}">
                <Coords points="628,2736 2703,2703 2703,2616 1690,2565 628,2649"/>
                <Baseline points="644,2681 746,2679 848,2678 950,2678 1052,2676 1154,2676 1256,2676 1359,2675 1461,2675 1563,2675 1665,2675 1767,2675 1869,2675 1971,2675 2074,2675 2176,2675 2278,2676 2380,2676 2482,2678 2584,2678 2687,2679"/>
                <TextEquiv>
                    <Unicode>als andere jnsigsten meer is verstaen ditmael</Unicode>
                </TextEquiv>
            </TextLine>
            <TextLine id="r2l28" custom="readingOrder {index:27;}">
                <Coords points="620,2819 2730,2810 2792,2694 620,2732"/>
                <Baseline points="639,2793 745,2793 852,2793 959,2793 1066,2793 1173,2793 1279,2792 1386,2792 1493,2790 1600,2789 1707,2789 1813,2787 1920,2787 2027,2786 2134,2784 2241,2784 2347,2783 2454,2783 2561,2783 2668,2783 2775,2783"/>
                <TextEquiv>
                    <Unicode>geen peper aende portugesen uijt laccauw, ende</Unicode>
                </TextEquiv>
            </TextLine>
            <TextLine id="r2l29" custom="readingOrder {index:28;}">
                <Coords points="541,2799 572,2797 608,2808 629,2807 621,2689 597,2690 587,2701 573,2706 559,2693 534,2694"/>
                <Baseline points="558,2793 583,2792 609,2790"/>
                <TextEquiv>
                    <Unicode></Unicode>
                </TextEquiv>
            </TextLine>
            <TextLine id="r2l30" custom="readingOrder {index:29;}">
                <Coords points="42,2865 121,2814 243,2814 285,2834 448,2812 480,2829 559,2806 558,2754 421,2726 290,2775 234,2745 224,2756 159,2702 95,2749 39,2754"/>
                <Baseline points="57,2807 82,2808 108,2808 133,2810 159,2810 184,2810 210,2810 236,2810 261,2808 287,2808 312,2807 338,2807 363,2805 389,2804 415,2802 440,2801 466,2801 491,2799 517,2797 543,2796"/>
                <TextEquiv>
                    <Unicode>Geen Leper rende</Unicode>
                </TextEquiv>
            </TextLine>
            <TextLine id="r2l31" custom="readingOrder {index:30;}">
                <Coords points="54,2892 239,2876 288,2903 333,2875 413,2898 451,2863 535,2900 622,2878 621,2802 388,2829 321,2816 269,2831 241,2813 54,2830"/>
                <Baseline points="72,2876 98,2874 125,2873 151,2871 178,2871 205,2870 231,2870 258,2870 285,2870 311,2870 338,2870 365,2870 391,2870 418,2870 445,2870 471,2870 498,2868 525,2868 551,2867 578,2865 605,2864"/>
                <TextEquiv>
                    <Unicode>Portugeese nogh Chiinse</Unicode>
                </TextEquiv>
            </TextLine>
            <TextLine id="r2l32" custom="readingOrder {index:31;}">
                <Coords points="627,2943 2904,2917 2777,2786 2075,2862 626,2822"/>
                <Baseline points="644,2894 756,2897 868,2898 980,2900 1092,2901 1204,2901 1316,2901 1428,2900 1540,2900 1652,2898 1764,2897 1876,2895 1988,2894 2100,2891 2212,2889 2324,2888 2436,2886 2548,2885 2660,2885 2772,2883 2885,2883"/>
                <TextEquiv>
                    <Unicode>de hinese Joncken uijt China, alhier ten handel</Unicode>
                </TextEquiv>
            </TextLine>
            <TextLine id="r2l33" custom="readingOrder {index:32;}">
                <Coords points="41,2949 132,2948 156,2966 449,2941 494,2965 595,2965 595,2878 556,2899 452,2864 414,2899 354,2871 295,2899 240,2878 41,2882"/>
                <Baseline points="59,2936 86,2936 113,2936 140,2936 168,2936 195,2936 222,2936 250,2936 277,2936 304,2936 332,2936 359,2936 386,2936 414,2936 441,2936 468,2936 496,2936 523,2935 550,2934 578,2934"/>
                <TextEquiv>
                    <Unicode>nooidte Htandehaers</Unicode>
                </TextEquiv>
            </TextLine>
            <TextLine id="r2l34" custom="readingOrder {index:33;}">
                <Coords points="57,3021 127,3014 193,3055 287,3055 315,3033 440,3053 492,3018 531,3032 579,3014 579,2955 492,2966 443,2938 185,2961 56,2945"/>
                <Baseline points="75,2996 100,2997 126,2997 151,2997 177,2997 202,2997 228,2997 254,2997 279,2997 305,2996 330,2996 356,2996 381,2994 407,2994 433,2994 458,2994 484,2994 509,2994 535,2995 561,2996"/>
                <TextEquiv>
                    <Unicode>ditmael te Verkoopen</Unicode>
                </TextEquiv>
            </TextLine>
            <TextLine id="r2l35" custom="readingOrder {index:34;}">
                <Coords points="630,3035 716,3017 794,3061 1162,3014 1305,3051 1468,3014 1608,3051 1803,3020 1802,2947 1415,2903 1301,2954 1056,2908 820,2956 726,2922 629,2965"/>
                <Baseline points="645,3011 704,3011 764,3011 824,3011 884,3010 944,3009 1004,3009 1064,3008 1124,3008 1184,3006 1244,3005 1304,3005 1364,3003 1424,3002 1484,3002 1544,3000 1604,3000 1664,3000 1724,3000 1784,3000"/>
                <TextEquiv>
                    <Unicode>aengekomen. te verkopen.</Unicode>
                </TextEquiv>
            </TextLine>
            <TextLine id="r2l36" custom="readingOrder {index:35;}">
                <Coords points="681,3217 2948,3219 2947,3093 2686,3056 681,3092"/>
                <Baseline points="698,3182 809,3183 921,3185 1032,3185 1144,3185 1256,3185 1367,3185 1479,3185 1591,3183 1702,3183 1814,3183 1926,3182 2037,3182 2149,3180 2261,3180 2372,3179 2484,3179 2596,3177 2707,3177 2819,3177 2931,3177"/>
                <TextEquiv>
                    <Unicode>Op 't voordragen vande Hr: Gouverneur gener:</Unicode>
                </TextEquiv>
            </TextLine>
            <TextLine id="r2l37" custom="readingOrder {index:36;}">
                <Coords points="40,3269 204,3274 231,3302 256,3281 430,3268 461,3297 514,3279 635,3298 636,3225 591,3203 542,3227 333,3156 264,3184 149,3138 41,3151"/>
                <Baseline points="59,3263 86,3265 114,3266 142,3267 170,3267 198,3269 226,3269 254,3269 282,3269 310,3269 338,3269 365,3269 393,3269 421,3269 449,3269 477,3269 505,3269 533,3269 561,3269 589,3270 617,3270"/>
                <TextEquiv>
                    <Unicode>de aengehaelde goedren</Unicode>
                </TextEquiv>
            </TextLine>
            <TextLine id="r2l38" custom="readingOrder {index:37;}">
                <Coords points="643,3306 2669,3309 2836,3232 642,3219"/>
                <Baseline points="659,3287 767,3287 875,3285 983,3285 1091,3284 1199,3284 1307,3282 1415,3282 1523,3281 1631,3281 1739,3279 1847,3279 1955,3278 2063,3278 2171,3276 2279,3275 2387,3275 2495,3275 2603,3273 2711,3273 2820,3272"/>
                <TextEquiv>
                    <Unicode>is goetgevonden, dat voortaen alle particuliere</Unicode>
                </TextEquiv>
            </TextLine>
            <TextLine id="r2l39" custom="readingOrder {index:38;}">
                <Coords points="50,3335 255,3343 283,3364 356,3336 454,3340 471,3358 541,3348 541,3278 464,3292 437,3271 245,3291 203,3273 120,3290 50,3276"/>
                <Baseline points="68,3324 93,3326 118,3327 143,3327 168,3327 194,3329 219,3329 244,3329 269,3330 295,3330 320,3330 345,3330 370,3330 395,3330 421,3329 446,3329 471,3327 496,3327 522,3326"/>
                <TextEquiv>
                    <Unicode>Van Eelnigh belangh</Unicode>
                </TextEquiv>
            </TextLine>
            <TextLine id="r2l40" custom="readingOrder {index:39;}">
                <Coords points="635,3410 2730,3426 2918,3332 634,3309"/>
                <Baseline points="653,3389 765,3389 877,3387 990,3386 1102,3384 1214,3383 1327,3381 1439,3380 1551,3380 1664,3378 1776,3377 1888,3377 2001,3377 2113,3377 2225,3377 2338,3378 2450,3380 2562,3381 2675,3383 2787,3386 2900,3389"/>
                <TextEquiv>
                    <Unicode>goederen die bij d'E: fiscaels &amp;:o werden aengehaelt</Unicode>
                </TextEquiv>
            </TextLine>
            <TextLine id="r2l41" custom="readingOrder {index:40;}">
                <Coords points="47,3394 374,3409 479,3385 541,3421 622,3410 622,3330 479,3354 315,3340 298,3357 47,3335"/>
                <Baseline points="66,3387 94,3386 122,3386 151,3387 179,3387 207,3388 236,3389 264,3390 292,3391 321,3392 349,3393 378,3393 406,3393 434,3393 463,3393 491,3392 519,3390 548,3388 576,3384 605,3380"/>
                <TextEquiv>
                    <Unicode>voortam niet meer</Unicode>
                </TextEquiv>
            </TextLine>
            <TextLine id="r2l42" custom="readingOrder {index:41;}">
                <Coords points="57,3516 92,3519 144,3470 245,3462 290,3493 398,3478 468,3505 495,3488 670,3500 669,3406 641,3396 596,3421 477,3387 376,3409 56,3401"/>
                <Baseline points="74,3456 104,3456 134,3456 165,3457 195,3458 226,3458 256,3458 287,3458 317,3459 348,3459 378,3459 409,3459 439,3458 470,3458 500,3457 531,3456 561,3455 592,3453 622,3450 653,3447"/>
                <TextEquiv>
                    <Unicode>Op 't Stadthuijs te Verkopen</Unicode>
                </TextEquiv>
            </TextLine>
            <TextLine id="r2l43" custom="readingOrder {index:42;}">
                <Coords points="643,3527 2822,3537 2878,3398 2335,3453 2189,3387 1057,3392 643,3461"/>
                <Baseline points="662,3501 771,3498 881,3495 991,3492 1101,3491 1211,3489 1321,3488 1430,3488 1540,3488 1650,3488 1760,3489 1870,3489 1980,3491 2090,3492 2199,3492 2309,3494 2419,3495 2529,3495 2639,3497 2749,3497 2859,3497"/>
                <TextEquiv>
                    <Unicode>en van eenige emportantie bevonden, om de Comp:s</Unicode>
                </TextEquiv>
            </TextLine>
            <TextLine id="r2l44" custom="readingOrder {index:43;}">
                <Coords points="634,3664 2848,3616 2725,3522 1827,3483 633,3525"/>
                <Baseline points="651,3611 759,3609 868,3609 977,3608 1086,3608 1195,3606 1304,3606 1413,3606 1522,3606 1631,3605 1740,3605 1848,3605 1957,3605 2066,3605 2175,3605 2284,3605 2393,3605 2502,3603 2611,3603 2720,3603 2829,3603"/>
                <TextEquiv>
                    <Unicode>Jn haeren Handel te konnen Hinderlijck Zijn, niet</Unicode>
                </TextEquiv>
            </TextLine>
            <TextLine id="r2l45" custom="readingOrder {index:44;}">
                <Coords points="643,3748 2676,3763 2676,3656 2289,3674 2171,3612 643,3671"/>
                <Baseline points="660,3732 759,3729 859,3728 959,3726 1059,3725 1159,3723 1259,3722 1359,3722 1459,3720 1559,3720 1659,3720 1758,3720 1858,3720 1958,3720 2058,3720 2158,3722 2258,3722 2358,3723 2458,3723 2558,3725 2658,3725"/>
                <TextEquiv>
                    <Unicode>meer als voor desen zij gebruijcklijck geweest</Unicode>
                </TextEquiv>
            </TextLine>
            <TextLine id="r2l46" custom="readingOrder {index:45;}">
                <Coords points="644,3869 2799,3854 2799,3791 2499,3730 2276,3793 2151,3728 644,3754"/>
                <Baseline points="660,3845 766,3842 872,3840 978,3838 1084,3836 1190,3836 1296,3834 1402,3834 1508,3834 1614,3833 1720,3833 1826,3834 1932,3834 2038,3834 2144,3834 2250,3834 2356,3834 2462,3834 2568,3833 2674,3833 2781,3831"/>
                <TextEquiv>
                    <Unicode>op het stadthuijs, door den aghtbaren raadt van</Unicode>
                </TextEquiv>
            </TextLine>
            <TextLine id="r2l47" custom="readingOrder {index:46;}">
                <Coords points="23,3921 217,3949 274,3925 370,3966 503,3940 541,3962 580,3941 614,3966 667,3950 668,3870 605,3879 543,3850 389,3900 303,3815 254,3838 185,3830 125,3864 70,3810 25,3820"/>
                <Baseline points="41,3918 71,3922 101,3925 132,3927 162,3930 193,3932 223,3932 254,3933 284,3933 315,3935 345,3935 375,3935 406,3934 436,3933 467,3933 497,3933 528,3933 558,3935 589,3935 619,3935 650,3936"/>
                <TextEquiv>
                    <Unicode>Chais in Comp: packhuijsen</Unicode>
                </TextEquiv>
            </TextLine>
            <TextLine id="r2l48" custom="readingOrder {index:47;}">
                <Coords points="677,3993 2829,3962 2828,3900 2608,3850 1923,3906 1793,3817 1686,3877 676,3881"/>
                <Baseline points="696,3968 801,3962 907,3959 1013,3956 1118,3953 1224,3951 1330,3951 1435,3950 1541,3950 1647,3950 1753,3950 1858,3950 1964,3950 2070,3948 2175,3948 2281,3947 2387,3945 2492,3942 2598,3939 2704,3935 2810,3930"/>
                <TextEquiv>
                    <Unicode>Justitie sullen werden verkooht maer jn Compt:</Unicode>
                </TextEquiv>
            </TextLine>
            <TextLine id="r2l49" custom="readingOrder {index:48;}">
                <Coords points="67,3997 206,4022 234,4001 317,4019 387,3995 425,4030 495,4002 669,4034 669,3951 613,3968 582,3940 425,3957 356,3932 304,3949 276,3925 237,3952 67,3941"/>
                <Baseline points="83,3989 111,3992 140,3993 168,3995 197,3995 225,3996 254,3996 282,3995 311,3995 339,3995 368,3993 396,3993 425,3993 453,3992 482,3992 510,3992 539,3993 567,3995 596,3996 624,3998 653,4002"/>
                <TextEquiv>
                    <Unicode>te daen Bengen, en des</Unicode>
                </TextEquiv>
            </TextLine>
            <TextLine id="r2l50" custom="readingOrder {index:49;}">
                <Coords points="59,4101 2388,4114 2784,4092 2875,3994 58,3996"/>
                <Baseline points="75,4058 214,4061 353,4064 492,4065 631,4068 771,4070 910,4071 1049,4073 1188,4073 1327,4073 1467,4073 1606,4073 1745,4071 1884,4071 2023,4068 2163,4067 2302,4064 2441,4060 2580,4056 2719,4052 2859,4046"/>
                <TextEquiv>
                    <Unicode>dienstigh Voorde Comp: packhuijsen. gebraght, omme alle die geoordeelt</Unicode>
                </TextEquiv>
            </TextLine>
            <TextLine id="r2l51" custom="readingOrder {index:50;}">
                <Coords points="76,4132 107,4145 281,4134 316,4161 351,4144 407,4182 514,4153 514,4073 375,4084 308,4071 253,4092 225,4068 75,4080"/>
                <Baseline points="93,4122 118,4123 143,4124 168,4124 194,4125 219,4125 244,4125 269,4125 295,4125 320,4125 345,4124 370,4124 396,4124 421,4122 446,4121 471,4121 497,4119"/>
                <TextEquiv>
                    <Unicode>aen tetlemen</Unicode>
                </TextEquiv>
            </TextLine>
            <TextLine id="r2l52" custom="readingOrder {index:51;}">
                <Coords points="2555,4175 2628,4187 2715,4174 2753,4188 2858,4172 2893,4183 2942,4166 2943,4072 2894,4075 2842,4050 2782,4091 2738,4063 2629,4124 2556,4095"/>
                <Baseline points="2573,4161 2598,4162 2623,4164 2648,4166 2673,4166 2698,4167 2723,4167 2748,4167 2773,4167 2798,4167 2823,4167 2848,4167 2873,4167 2898,4167 2924,4167"/>
                <TextEquiv>
                    <Unicode>werden</Unicode>
                </TextEquiv>
            </TextLine>
            <TextLine id="r2l53" custom="readingOrder {index:52;}">
                <Coords points="75,4452 92,4454 96,4450 103,4451 116,4466 143,4469 151,4393 133,4391 122,4394 116,4389 81,4386"/>
                <Baseline points="95,4440 128,4443"/>
                <TextEquiv>
                    <Unicode></Unicode>
                </TextEquiv>
            </TextLine>
            <TextEquiv>
                <Unicode>1
Dijnsdagh 13:' Maij 1638.—
tesproken zijnde vanden soberen voorraedt peper.
hier bij de packhuijsen, en dat men wel een kloecke
om te beter den Peper
door de Comptg: te
quantiteijt van dat grain soo voor't vaderlandt Aina
bemaghtigen
3
als d’ andere jndischte Comptoiren zal benodigen, soo is
om den Peper van Palimbangh ende negotie van
dat comptoir te beter alleen su Compt: gewelt
te krijgen en te houden, ten meesten dienste van se
de Comp:s vastgestelt de borger en particuliere
deborger, en particulere
vaert na gemelte Palimbangh voortaen jntgeseel
Datt: naer Palssibang
in 't gesen Verboden
afteschaffen en te verbieden; sullende tot te beter
voortsettinge van dien handel oock nogh 4000. realen
Nogs 4000. p: nlen
P:r Miuritus napale .
van aghten, met het schip Mauritius Eijlandt
te senden
derwaerts gesonden werden..
gelijck dan oock om reden vande kleenen voor raet
als andere jnsigsten meer is verstaen ditmael
geen peper aende portugesen uijt laccauw, ende

Geen Leper rende
Portugeese nogh Chiinse
de hinese Joncken uijt China, alhier ten handel
nooidte Htandehaers
ditmael te Verkoopen
aengekomen. te verkopen.
Op 't voordragen vande Hr: Gouverneur gener:
de aengehaelde goedren
is goetgevonden, dat voortaen alle particuliere
Van Eelnigh belangh
goederen die bij d'E: fiscaels &amp;:o werden aengehaelt
voortam niet meer
Op 't Stadthuijs te Verkopen
en van eenige emportantie bevonden, om de Comp:s
Jn haeren Handel te konnen Hinderlijck Zijn, niet
meer als voor desen zij gebruijcklijck geweest
op het stadthuijs, door den aghtbaren raadt van
Chais in Comp: packhuijsen
Justitie sullen werden verkooht maer jn Compt:
te daen Bengen, en des
dienstigh Voorde Comp: packhuijsen. gebraght, omme alle die geoordeelt
aen tetlemen
werden
</Unicode>
            </TextEquiv>
        </TextRegion>
        <TextRegion orientation="0.0" id="r3" custom="readingOrder {index:2;}">
            <Coords points="2909,491 2909,644 2924,644 2924,491"/>
            <TextLine id="r3l1" custom="readingOrder {index:0;}">
                <Coords points="2894,608 2911,605 2915,608 2921,603 2942,598 2918,486 2871,499"/>
                <Baseline points="2909,594 2924,591"/>
                <TextEquiv>
                    <Unicode>„</Unicode>
                </TextEquiv>
            </TextLine>
            <TextEquiv>
                <Unicode>„</Unicode>
            </TextEquiv>
        </TextRegion>
        <TextRegion orientation="0.0" id="r4" custom="readingOrder {index:3;}">
            <Coords points="2975,206 2975,361 3024,361 3024,206"/>
            <TextLine id="r4l1" custom="readingOrder {index:0;}">
                <Coords points="2954,340 2981,343 2989,337 3007,335 3018,325 3039,328 3046,255 3029,253 3021,259 2997,257 2991,249 2964,243"/>
                <Baseline points="2975,306 3024,311"/>
                <TextEquiv>
                    <Unicode>o</Unicode>
                </TextEquiv>
            </TextLine>
            <TextEquiv>
                <Unicode>o</Unicode>
            </TextEquiv>
        </TextRegion>
    </Page>
</PcGts>
