3146 4670
2836 -5 3073 175 487
2825 161 3036 354 48:
2355 209 2862 669 hn
1873 353 2241 702 o
897 237 1615 724 b 1
652 662 3099 942 1 vaondn vn g daere edene van D e g: en onde bij
2561 895 3087 995 Jacob lourensz
951 919 2325 1048 eeele voneenens
2554 964 3096 1079 sijn Vrouw, en Samsl
2537 1020 3053 1130 erem Passagie
300 1043 2125 1164 mote ntaien en doenvan neren
2556 1081 3063 1201 a turaa verleent
2545 1163 3101 1296 mits betalende Eragh
285 1142 2207 1302 narmn mrm
2566 1234 3035 1367 en Tan portgelt
289 1275 1677 1454 odimine vragt en transeo gold
404 1401 2522 1589 ede Comele dn geberen deees tede s saade in de gadeina
62 1532 2541 1735 Tbinnen met beker tnd E voor en van wegen dnen dsaacte
307 1660 2585 1821 alabamsz: Chitiemenis en andoinae, da bij nsookendn
2289 1792 2625 1921 nseer
260 1792 1741 1953 om alhier voor den agteeen aa
276 1837 3126 2043 denencomni gensseterween vo bij dt opchoer Ainces van
2541 1960 3118 2065 Isaak Abramsz Christen
2537 2031 3109 2135 Hincis in amboiaa
508 2037 1601 2201 an biing in eim
2560 2089 3110 2194 toegestaen, van Teeker
2520 2147 3063 2272 Ambons Zious
284 2147 2461 2307 eben den belnack atalams: en de kinnen van sijn
2545 2193 3113 2308 met de Kinderen van
2542 2268 3031 2403 Sijn broeder Inko
269 2260 2460 2416 oredensnde gem:t Inke als wan bij Ej bigt enematl
265 2387 2442 2558 bevon te sijn de swaart:elckverick van dipper dan nae
249 2550 2592 2695 esuntie van Csek ende daer aen gehoorende documenten
398 2635 2603 2810 evonden is bij desen te accorderen, ondersoeninge Saubicen
301 2783 2628 2937 en namwislemen van eningen als droment geeheelzj;
250 2907 2417 3075 worts deeft d’E dindeut generagl n haar gebragt betige
2612 2945 3158 3107 op de Vercharinge vande
1640 3030 3096 3207 nnenieck eeteg Indrial hist en
1335 3035 1458 3199 d
262 3037 1180 3232 tmolatinge bij de steeve
2629 3139 3141 3217 riade gestalte der Wijs
277 3157 3159 3311 ten versoeke van de shiper: enboekhouder wgens den ontang en iet de schepen slauwe
2586 3255 3146 3343 „hulck en Oostenburgh
2753 3319 3160 3405 ormandel
2636 3320 2775 3405 van
281 3268 2623 3428 quade gestalte vaen rijs, die daer in de macnd Julij voorleden, van
2626 3385 2957 3506 aengebraght
296 3424 2609 3542 Comprie tegenee nam zij ingescheept, En dewijle bij de seerc„
299 3511 2616 3656 alsde genome dnspeee door xoresse gecommitteerdens gesien werd
278 3629 2619 3777 dat de voorsz wijs noge wdigh, met gwoee onvoorsigdigheijd, en den
274 3746 2609 3937 ondienste vande Compag:r is ontfangen en herwaerts gesonden
282 3831 3159 4050 en daerom als Indurabel, en alnde aentbreeijen wesende, voor En datze daerom door
2626 3940 3158 4052 d'ooster provintien off
282 3992 3143 4170 de oosterprovinen, nogh voor Caat de goede hove (werwaerts deselve de taap met dienstigh
2629 4073 2991 4208 geaght wert
2377 4112 2585 4241 was
