3112 4555
71 53 257 207 110.
139 215 227 368 O
87 938 635 1098 den borgesbarent
81 1056 673 1171 Jacabsz toegestaen tot
101 1123 703 1216 Inninge Sijner Schulan
89 1190 660 1304 Palimbangh te mogen
83 1249 399 1368 aenloopen
83 1335 613 1482 mits zijn peper daer
94 1439 682 1559 Alle aende Comploveren.
87 1689 632 1837 't Agt hoorte s tot
84 1813 658 1909 Transport van d fer
84 1879 647 1969 Bidz: en overhael van
108 1942 668 2037 d Hr. bort na Malacca
120 2015 416 2130 aengeleijt
86 2226 589 2387 een Adoijs brieffe
58 2363 664 2462 Voor Aff. naie Malacca
107 2429 403 2517 te schrijven
88 3566 640 3726 Transen den Comp:
100 3682 600 3781 Offtcten alhieer aen
87 3750 675 3837 d Hr Directeur generael
96 3811 589 3949 Heelman Gedaen
2096 104 2249 257 1.
2567 276 2619 346 A
662 422 2864 643 gelaten hest) als nu bij requeste versoeck gedaenn
654 603 2768 734 jn zijn wederkeren na Malacca. Palembangh te
672 696 2696 846 mogen aenlopen eenlijck, omme voorsz: zijne
2855 833 2921 923 —
663 808 2869 936 schulden t zij in peper off anders te jnnen, 't qijt hem
675 885 2919 1053 dan op goede jnlighten is geaccordeert te weten dat
679 1010 2707 1150 hij met zijn vaertuijgh jn Compt: van't schip
683 1120 2940 1260 Mauritins Eijlandt sal mogen derwaerts vaeren
673 1264 3025 1391 tot vereffeningh zijner saecken mitsgehouden blijvende
681 1340 2935 1486 alle den Peper die hij moght jnkrijgen, ginder jn Loco.
674 1447 2338 1631 aen, Comp:s residenten te leveren. &:o
695 1618 3007 1833 thesproken zijnde vande te doene besendinge na Malacca.
721 1753 2762 1901 s goetgevonden derwaerts aenteleggen het Iaght
2783 1803 2974 1942 is
678 1868 2978 2028 nieuw noortwyck, omme den geeligeerden heer extraord:
687 1987 3002 2105 raadt, en gouverneur Jacob Jorisz Pits, over tevoeren
684 2080 2972 2201 en wederom den Heere ordinarie Raadt Palthazar
653 2203 2780 2320 Dorth herwaerts te brengen, ende waer van per
692 2324 2917 2472 borger vaertuijgs, nu voor aff kennisse na Malaccas
2741 2454 2872 2526 —
677 2395 2757 2523 sal werden gegeven, op dat gemelten Hr: Dorts
675 2526 2987 2668 sigh jntijts mogste prepareren, naer gedane transport.
689 2614 2847 2736 op ’t spoedigste hier te komen, om mits het presente
678 2705 3010 2850 swacke getal van raaden, na d’ordre der Ed:e heeren
684 2861 2903 2976 17e: het generale werck jn raade van India hoe
694 2918 2385 3081 der hoeliever te heepen waernemen.
667 3123 2947 3290 DE: Heer directeur generael Cornelis speelman op-
692 3291 2896 3432 25e: des voorliden maents van Japare, en Iavas oostcust
683 3355 2896 3530 hier te rugge verschenen, ende als nu jnt werck
697 3502 2937 3643 en bestier vande generale directie van India getue„
696 3639 2918 3764 den zijnde, soo is op heden in Raade van India
702 3724 2939 3844 aen zijn E: overgelevert het getekent transport
688 3854 2962 3991 en opdraght van alle Compt: wesentlycke Effecten
690 3941 2926 4093 tot atavia ter presentie ende jn kennissen
2586 4084 2944 4214 vande
