3149 4550
253 515 2490 718 te sullen zijn aen de verschillen, onheylen, ende verwij¬
250 670 2271 844 deringen, die sullen komen te ontstaen, indien die
257 798 2490 919 van Bantam bij haer voornemen blijven volharden
253 895 2489 1052 alsoo wij agtter volgende, ons gegeven woort verpligt
236 1002 2486 1135 zijn alle getrouwe onderdanen, vande Mattaram,
254 1124 2359 1236 te adsisteren, ende bij te staen, dogh dat sulcks
2456 1139 3035 1311 Sonder ons noghtans
2476 1280 2931 1367 van die landen te
271 1250 2458 1407 geensins en zij met die meningh om ons meester te
2457 1277 3066 1436 willen meester maken,
260 1333 2496 1512 maecken van het landt van Sammadangh, ofte een
260 1444 2416 1633 gedeelte daer van, noghte oock van eenige plaetsen
251 1573 2445 1755 off volckeren sorterende onder des Mattarams gebiet
2486 1583 3028 1764 maar alleen ' t lant in
262 1708 2481 1843 maer wel om deselfs landen, en onderdanen, weder te
2498 1733 3064 1869 vorige kiste te brengen
256 1772 2319 1963 brengen tot de vorige rust, en vreede, op dat de
263 1902 2482 2075 negotie weder als voor henen, ende soo wel door
246 2020 2485 2196 die van Bantam, als door ons haer cours en voort¬
259 2156 2520 2306 ganck moghte nemen, tot welvaeren vande weder zijdse
207 2262 2509 2435 ingesetenen, en onderdanen: dat schoon het gemeente landt
259 2352 2565 2553 vant Samadangh, en andere daer omtrent gelegene
267 2511 2513 2651 plaetsen, aen ons afgestaen en in vollen eijgendom geschon¬
262 2616 2519 2752 ken zij, wij eghter tot ontwijckinge van alle twist
257 2729 2483 2861 twee draght, ende geschillen, sodanigen grooten gifte
248 2819 2498 2965 genereurlijck hebben gedeclineert, ende deselve landen
2429 2878 2989 3060 : dot dat hojook niet
265 2951 2342 3088 gelaten; aenden reghten, en wettigen genaer
2501 3000 3119 3116 konnen gedogen, die handen
2481 3072 2950 3171 Van hun wittigen
272 3032 2464 3191 maer dat wij oock niet en sullen konnen toelaten
2490 3142 3087 3244 sousouhoupansk souden
37 3165 2505 3304 „. ende gedogen, dat deselve door andere, daer van met
2484 3204 2991 3336 werden affgetrocken
266 3271 2513 3411 gewelt werden afgettrocken, gelijck die van Dantam
271 3400 2462 3551 volgens het bovengem:te schrijven voornemens zijn
262 3507 2561 3661 te doen, dat wij dienvolgende om sulcx te beletten alles
252 3610 2398 3771 sullen doen wat jn ons vermogen zij, ende tot dieht
2378 3645 2503 3768 —
254 3724 2493 3873 eijnde mitsgaders, om te betonen, dat ons de zaeck
264 3831 3072 3965 erust zij na de rivier van Samanoekan, ende de Cndaerom oock Ons
2468 3934 3120 4039 uijtsettinge na Pamanochan
233 3954 2989 4083 dar omtrent gelegene plaetsen hebben afgesonden—  hebben gedaen
2188 4073 2546 4212 eenige
