3058 4591
34 49 240 183 166
122 165 333 341 160.
624 393 2825 603 d:o 11 Celchior Leijdecken jongst met d’E H:r Directeur
31 402 636 583 Do: Melchior uijdecker
22 551 612 653 als een Teste permaneu
622 557 2972 718 generael Cornelis Speelman uijt den tran van Iavas.
29 605 647 722 predikant der indeplantse
31 676 614 798 Gemeente alhes bereepen
617 653 2756 840 Oostculst te rugge gekomen, en een man van veele
604 763 2971 946 goede en aengename conditien, tot een sesde permanent
618 891 2966 1034 predicant, der nederlantse gemeente alhier ter plaatsen
610 1006 2901 1160 te beroepen, ende waer met dan oock, de duijtsche, en
615 1097 2734 1269 Jnlandsche predicatien, onder d'Eerw: broederen
603 1204 2971 1407 soo wat te bequamen sullen konnen werden geschickt
607 1319 1280 1489 en gereguleert
552 1488 2882 1694 hunne totte laeste besendinge deses Iaers nnetoncquin
51 1510 564 1679 de Croonvogel totte
37 1650 596 1741 laeste besendinge na
620 1583 2991 1779 te gebruijcken, is aengeleijt het Hoeckerboot de Croonvogel
37 1713 538 1851 Conchij aengeleijt
612 1742 2950 1891 zijnde ten dien eijnde al voor eenige dagen, uijt de besettinge
622 1863 2916 2023 voor Pamanoekan op ontboden, ende A:o passado, op dat
605 1953 2186 2111 vaerwater mede gebruyckt geweest
557 2060 2894 2279 Bij d' h:r. Extraord: raadt Joan Camphuijs, voort
605 2223 2906 2405 gebraght zijnde, de notulen, der rescriptie jn korte dagen
631 2352 2896 2520 aftegaen naer Japan, soo is onder andere pometen
633 2446 2898 2598 en consideratien bij de derwaerts aftegane brieven
622 2571 2891 2725 uytte drucken goetgevonden, om de hoge onkosten die
608 2678 2877 2825 de Comp: aldaer mits de schandige dieverijen der
622 2793 2709 2953 tolcken, soo dier jn reeckeningh werden gebraght
52 2872 641 3058 de schepen nar Japan
626 2901 2993 3044 de schepen van hier derwaerts vertreckende ditmael
58 3011 648 3142 Wat Huijmer te Victualie
625 3030 2888 3209 soo ruijm van Provisien te laten voorsien, dat men ginder
56 3083 584 3189 omde sware oucosten
83 3148 495 3275 aldaer te mijden
627 3126 2918 3328 aende trouwlose marcktgangers, te min gelt behoeft.
618 3257 1291 3444 uijt te schieten.
630 3368 2829 3561 Gelijck oock zal werden geordonneert de bloetcorael
2375 3515 2911 3589 tot gelt te makten
62 3415 619 3596 boet Corae h ien Apd
2812 3544 2894 3634 t
628 3523 2815 3669 die nogh onverkoght jn Iapan blijft berusten; al waer
61 3566 630 3713 van de Hstant te schuijven
635 3610 2880 3765 oock niet anders konnende) selfs minder als den jncoop
617 3741 1151 3885 komt testaen.
692 3888 2979 4082 Ende aengaende 't emploij der 4. bodems, die desen Iaere
613 4030 2918 4219 godt de voorste aldaer staen aentekomen, is verstaen
2594 4115 2868 4280 de
