3042 4644
15 428 167 596 /
554 361 2021 597 voor de Comp:. van de West Zjde.
146 534 1779 714 Abraham Struijs Capitain bij continuatie
170 673 1276 834 Pieter schipper Luijtenant:
167 737 2014 923 willen Wlanbagh beijde mede bij continuatie
833 867 1700 1087 Tot Sergeantin.
229 1007 1282 1176 Debastiam Pittaev in . . . ..
1315 1089 1943 1285 bij continuatie
168 1152 1328 1316 Isaacq Dinckels . . . . . . . .
101 1252 1210 1418 adriaen Adriaensz
1274 1261 2239 1442 bij nieuwe Electie
175 1368 1348 1530 Jan Daptist de Looff ....
815 1505 1614 1711 Voor de Tvallerije
190 1637 1910 1867 Abraham Wys uitmeester bij Continuatie
197 1801 1915 1958 Jan Wijnantse Luijtenant bij optredinge
1914 1747 2394 1946 zjnde als nu
821 1907 2268 2048 dese functie voor de Eerste mael hier bijge¬
827 2000 1092 2140 stelt.
107 2072 1895 2287 duart pittavin Cornet bij optredinge
185 2234 2371 2410 Jan Chijsz van flesbagh quartierm: bij Continuatie
7 2369 2307 2518 Gerrit Croon quartier meester bij nieuwe Electie
331 2522 2427 2692 soo zijn nu oock met eenen bij heeren schepenen.
185 2677 2420 2832 genommeert eenige personen tot Wijckmeesterdn
2420 2656 2953 2849 Aan Nieuw Verr
184 2792 2379 2941 soo binnen als buyten dese stadt, jn plaets van sonnige
2363 2804 2883 2948 Wijckmeeshers
178 2872 2324 2977 der presente, die door afsterven, vertrecken, en
201 2980 2464 3138 verhuijsen, van haer wijck meester schap zijn ontbloot,
192 3072 2415 3194 en van de welcke na resumptie op nieuw zijn gestelt
203 3175 909 3354 en geapprobeert
2168 3333 2281 3446 —
290 3340 417 3450 5
697 3286 2181 3499 Aen de Oost Zijde binnen de Stadf
131 3443 1910 3624 Joannes de vlamingh jnt block . . . . . . . . 6:
172 3569 1947 3679 Carel Crapp. jnt block . . . . . . . . . . . . . . S:
168 3666 1940 3845 Joannes felt. jut block . . . . . . .. . . . . . . a
734 3753 2184 3934 aen de West zijde binnen de Stadt
14 3903 1950 4093 Adiaen Briaensz jnt block . . . . . . . . S:
207 4043 1958 4248 Itaacq Dinckels . . . . . . t jut block - . . . . L:
216 4165 1148 4284 Cornelis Swart
1780 4317 2394 4493 Buijten
2800 -4 2999 133 155
2774 170 2989 336 155
