3113 4598
2297 -57 2376 70 on
2826 21 3046 223 299
612 631 913 777 teege
1066 564 2513 766 een bendert en wijtige bijpaeedst
228 737 640 908 des ne
1295 745 1731 922 r
213 869 3058 1063 den den adrmanit dateurs Totavoen aommistatin G
2453 991 2719 1087 Canon
30 1025 843 1172 100. kannen sijn
86 1120 689 1226 12. lb: booder
191 1176 715 1346 ¼. lasto dat we
216 1261 1536 1485 enkaerssen tot Luijnigh gebrujckt
221 1425 2429 1657 sullende de verdere suppoosten met het ordinarie bgst geld
225 1548 2458 1786 en Lantsoenen van outs gestatueert hun moesen vergenoegen
211 1676 731 1876 sonder ande
221 1851 3128 2066 Eijndelijck oock gereseeteert mesende op het versoeck van de: diehansgden Bjt
2407 2032 3100 2154 nogh tot eenigen tijt continuatie
222 2053 2429 2214 den Heerdirecteur Fredrick Lamberts bent, bij missive van
2423 2101 3014 2243 n persia te Vesocken
211 2118 2247 2355 12:' februarij deses Jaere aen ons gedaen, ommemits
217 2278 2414 2500 aenstaende tijts Expipatie van daer vercost en tot vertreck
216 2407 2408 2635 naerspatria gelicentieert te mogen werden; soo is om de
213 2550 2479 2786 goede diensten, die sijn E: de Comp:e in dat gewest is toebrenge
188 2692 2262 2893 goetgevonden, den selven (onderbelofte van op sijn verder
224 2816 2440 2981 advancement gunstigh te siullen Letten) nogh tot Continmatie
215 2972 2310 3143 voor beuigen tijt te alimeren; dogh dat hij andersints
2288 2991 2421 3170 1
2290 3074 3097 3256 O Waer dat etgn te wilen
222 3101 2361 3325 dat voornemen blijvende persisteren, bij provisie trnspert
2423 3209 3058 3307 Opkomen prov: transport
2395 3264 3048 3383 Sal mogen doen zinden
2410 3347 3030 3462 Oppercoopnman Reijnien
210 3265 2383 3506 van Comp:s Effecten, en ommeslagh sal vermogen te doen
2444 3417 3058 3533 Casembroot,  Prov=s
2433 3478 2780 3644 Gesaghebse
209 3425 2362 3668 aonden opperkoopman Heijnier Casembroot, althans
208 3567 2350 3803 becunde, en opferhooft in bonhan, onder den titul van
190 3730 3053 3904 prov:s gesaghebber; en wanneer den Coopman Justus As inden otnells
2388 3874 3067 3982 dan Weder Opperhooft in
2400 3934 2664 4087 e.
202 3885 2302 4094 van den belwel als de naeste weder het operhooftschap
2095 4068 2273 4225 in
