3153 4670
2862 28 3084 201 313
2871 185 3113 366 357
345 508 495 662 10
768 446 3134 655 o wanneerop de dnalercommang op de smalin andel
2621 624 3140 740 der Eijgen Palemibang
320 655 3079 800 Craties de oyden pacambangen nnvoondes songelaaten„ se Inwoonders
2632 748 3070 843 behoeftenen Soo
336 777 2641 958 alsmede hinne paart ne hoem vaertuijghjes nadetens
2637 819 3089 965 naw nietd sien
317 918 2602 1091 en beders oock soo nauw niet en behouse de werden desien
2645 1018 3119 1184 de Coopluijden met
277 1022 2624 1259 moetende alsine door Cloicke Jndriste en met de mins
2598 1103 3051 1263 Indistrie aende
2613 1214 3012 1346 stan te houden
329 1205 2553 1360 violentie werden gelaght de beste dn voorneemse koopl
304 1344 2564 1502 „aanoehand, en den Cminch en Bovelingente vunde
334 1458 2421 1656 oonder gesoadige devolre van haer Contrack gesouden
325 1584 3085 1805 een omme donpeperhandel aldaer te doen sondschen 4000 sp: t: totto
2617 1724 3064 1850 aer handel ae
332 1705 2578 1936 ie goedgevonden nu noge vierduijsend Contande spaende
2641 1815 3128 1975 Calembang te schidede
316 1861 2609 2093 thalen derwackte te belicken, dogh oock den Commissari
313 1984 2619 2230 van leene de becommanderen, alle govoinen ntespange
2586 2094 3144 2262 de Hholen den 20: Prt
319 2128 2473 2355 dat de swaars toelen ginder van D berk n halt gee
2611 2219 3048 2303 Guode: Motnen
2616 2244 3144 2376 betragten t in geld en
2612 2341 3170 2485 Dnkleeden te bitallen
314 2267 2549 2437 onsal=c loeden en Coomansz: mogen voldaen werden
298 2405 2503 2611 ongen her andersike door ons met soo diee Conmante
363 2562 1477 2767 met dande hnare bende vjse
324 2708 2562 2891 En naediener met de vieide vande L: van boenen op &
2566 2829 3134 2966 om de stordige aghter„
286 2855 2372 3020 Comtoir Jambij, oock een seer blordige, Ia fraugelense
2565 2928 3124 3034 „ stallige administratiee
2576 2997 3030 3092 Vanden overleden
300 2987 2478 3195 huijshoudinge van den overleden tesident Zond pot
2575 3058 3103 3170 Resident Gerri Lat
2589 3132 2913 3263 tot Janbij
310 3115 2555 3340 is bevonden, daer bij de Comp:s nogh wel. 10000. uE: soude
288 3278 2466 3472 te kortomen; soo is althans nodigh geacht Expres te
2572 3362 3114 3542 I verstaen aldaer
304 3415 2483 3605 ordonneren, dat 'er voortaen op Jambij geen handel tall
2593 3502 3100 3585 deen Handel meerte
2591 3559 3017 3636 drijven daermin
301 3592 3123 3758 werden gedreven, dan daer de Comp: gandsch geen perichel Jerijckel van schulden
2664 3686 2828 3777 Loor
283 3706 3133 3899 opt van in schulden te vervallen, nogh oock geen uijtsettinge nogh geen uijtsittingee
2574 3840 3126 3954 van gelden Voor aff op
281 3845 3078 4018 vanheeden of Contanten voor af op leverantie van peper testrantie van Peper
2573 3989 2800 4079 te doen
2223 4021 2515 4172 mogen
