3108 4581
64 39 281 198 326
330 181 589 347 326
48 552 422 738 Op Paliure
24 1114 678 1302 P Corengandendat
46 1251 433 1430 Van Sale
2539 300 2610 449 2
888 534 1874 748 Op taliare
707 682 2634 885 Een Dockia: en op sioudlt deer de Cadaii
734 861 1424 1006 ten bergeand soem
629 922 2064 1146 Vier bosschieders en 24: bchiederges
930 1096 2414 1363 G Eele en in dat Commandemen a
898 1290 1682 1454 commandeur
624 1326 2720 1583 ten oppercoopman, of wel geleteert Capitejn, tot afsoe
988 1487 2393 1685 een hooft van matire als de peltposten
623 1616 1383 1798 Een Coopman
1370 1703 2920 1861 over d’adrmijscraie der acthuijsen, me
628 1760 1390 1904 een onderCoopman
1401 1802 2807 1988 gelijcke verantwoordinge, enoetende ders
1057 1904 2632 2099 oock de boeken houden: en den anderen overdragen
646 1991 2975 2240 Een boekonder tf adsisen tot opsiende enontfang van den aroek
650 2148 2232 2340 en ondercoopma over soleomptoir
660 2256 2052 2436 een Boekhoudert sijner adsistentie
655 2388 1806 2534 ten boekhouder tot Cas dier
648 2456 2276 2709 Een boekhouder of adsij ten tot Vlinpkeliet
649 2584 1836 2794 Een boekhoude, tot Eenbrus
636 2709 1820 2891 ten boekhouder dat diepencet
684 2845 1544 3021 delf adsistenden aest
832 2972 1869 3155 2 bij t legotie Compir
837 3096 1556 3291 op de foctetarije
833 3179 1782 3381 T: ap tcolij Compij en
829 3280 2623 3515 2.. 9. bovenitgetal voor tig tode onp Engieagringen
636 3401 2728 3601 Een opersterman, of s tierman o de Eecupagie,
997 3575 2308 3751 om de scheper n en uijt te oesen
645 3637 2831 3910 Een Hooghbootsman dat sijn besis zulde en om op d’ Ejugagie
933 3828 2290 3994 enscaen der sijgertouwen toe desien
654 3920 2354 4175 Een ordinait Consejde van 24:a E: gl:
2477 4102 2747 4306 hde
