3155 4630
72 38 321 204 444
121 191 389 392 441
646 679 2761 814 dergaderinge voorgesonden sijnde, 'scomp nae om door nd
651 778 2823 900 ijn degens de sjanden, en heff de Commandere ij bushie
633 884 2407 1018 de semedie ooheshujden hoek oe ooed
629 998 2774 1130 en dien nsiste van de decommistecke aese bebluijtn, onmenghn
685 1046 2794 1235 merdeke gereen den dese tebinmen en dese lalke off eden
637 1154 2739 1324 genbleeren en dende digt beneen ijs soo der poake en bupphiand gai
19 1217 543 1308 met versoek het oppergesag
11 1286 589 1409 oert werk op Iavas ooflust
793 1299 2107 1443 bn  E: p vge er
2534 1292 2720 1450 e
20 1349 537 1433 aen Sman van hooged
28 1407 531 1481 een sien magh blijven, en
1164 1390 1898 1558 bj al ian
765 1408 965 1566 des
39 1456 466 1567 werden opgedragen
2461 1424 2741 1575 e
634 1499 2560 1673 aensen obdraa inle dneer bij be denorenoo
21 1545 519 1711 wanneer kijonder dat
644 1613 2746 1785 door ven bebeijd van sijn oppergsaghebber; selffs sijn derln gn
30 1683 596 1778 beleijt sijn uijttenste deoms
61 1739 561 1865 mede belooft te besieden
854 1697 2835 1891 me de alleiis te doude, enwackorteijten diens
1067 1820 2795 1981 anadeligene en en die venhiele d: de hllle
778 1921 2311 2069 serpij anmenge hibngiente bij antol
663 2021 2734 2168 de voorsz: is ommenenigeildige geicht ede bigh d
25 1999 571 2175 en e
38 2138 558 2265 ernpeditie, ten hooghsten
1428 2103 2781 2285 daten uijttersten besaerd epelegen
22 2203 459 2327 dewaert te vinden
668 2206 2635 2376 getijden denaj hert edik bij ede
633 2342 2760 2473 in ggldinge genomen dr overen enbjnen Ene valle W„: den
628 2388 2447 2587 onner ontlastinge magh aengenomeerden E
458 2539 2893 2780 dwerk  top nae posuimotie wd idsrk van gemm:
461 2694 2815 2869 maon erstal zij p:r notitie sohrigh Albier en t schrj
499 2895 2906 3105 anng de E: admmnkee kinst wt Padlij te Goesige
489 3031 2814 3182 kennisse daden Boons van o wegenome nader te senden
17 3106 479 3239 de soep de Magtegael
485 3134 2863 3333 deit van velk en bovoesden, ender den Enaio eman
25 3162 505 3291 voor aff met adisen al
22 3264 471 3351 d Hr Hierdt te senden
20 3326 443 3415 wegende koms te
532 3285 2759 3453 onee dot sidns agande wijteeiadede
30 3377 494 3476 van dE Maijor mittit
27 3438 382 3564 ader Raxut
432 3447 2727 3587 nconse dicec oneeen daen zijnde deuen de bigos
477 3554 2780 3724 over Iapap mst comlrija belaaden dffijten:/ en daer bij de
4 3676 456 3817 Wet Notihcatie dat
470 3701 2792 3863 notisiceren, dae wij de verstelde bekomste vangend: Buide
-1 3803 471 3894 d' Hr. Surdts opkomste
7 3804 2736 3968 bij niesiin: in hal van dasposee dedad sijne dnweginge) hebpen
2827 3815 2933 4014 e
6 3919 465 4051 Wert Gerousenteert
428 3934 2912 4142 geconzenteerd om dan in Alsulchenige val als tevoren gereslert
