3147 4703
2853 43 3090 203 249.
2845 183 3079 361 249
234 531 2506 725 agstervolgens ise resolutie van den 24:e Januarij deses
278 657 2378 849 Jaers, daer op te mogen verstaen, de jntentiefeil
216 766 2473 951 t goetvinden van dese vergaderinge bij ven de
233 886 2362 1085 gemte onkosten van begraeffnisse soudend moeten
227 1031 2481 1204 werden gedragen, soo is, daer op na gesien de de dre
165 1108 2482 1297 der Ed: pperen 17:n bijmissive van dato 10:e maert
215 1215 2378 1438 Anno 1646: aende hooge regeringe alhier dot dat
227 1369 2424 1549 kibpen geschreven, dewelffe expresselijck is. —
215 1440 2400 1617 ditevende, dat de opkosten der begraeffnissen
216 1587 2380 1754 van de resoetive generaels, bij hun segven ofte de
193 1683 2235 1875 Erffgenamen, ende net tot laste vande Com
212 1809 2431 2007 souden moeten werden voldaen, en gedragen, en
218 1888 2456 2105 der halven, als nu jngevoege van die permanentie
2457 1869 3139 2062 de onkaster, der begraffen
2457 2034 3080 2130 van d H: gen: Marssuijker
209 2008 2452 2237 ordre goegevonden, de boven gespecificeerde
2446 2101 3062 2193 2: 51. volgens ordee der
1198 2149 1253 2212 2e
2609 2172 3062 2273 ij: door de
380 2146 2546 2356 often. vande Hr. ererael Wlaetsuijcken betd
2567 2231 3127 2360 prrabinas off erffgenamen
29 2276 2499 2425 door gem:e Heeren Curateurs, ofte de Eiffgenamen
2533 2301 2962 2455 euten Hedod
222 2383 3058 2601 te leten voedoen uits het gesne daer toe uijt np hotsere uijtde
2446 2537 3095 2663 Packhuijsen is gebruijkt
201 2512 3114 2722 Comp:s facthuijsen is genoten, en gebrujckt, nanet heger als den Inkoop
189 2605 3098 2839 de redelijckheijt, en om dat 'er veel beschadight en sil werden in Reecg:
2461 2758 2720 2898 gebragt
217 2747 2515 2939 verlegen goet is onder geweest. met Joger en sals
188 2844 2361 3059 werden getaxeert, off in reeckeningh, gebraght
153 2993 2968 3162 als het de Comp:e Jncoops komt te kosten; doghende geconsinmeerde
2471 3092 3075 3219 dn shruijt Wijn & of
125 3079 3112 3310 dat het buscruijt, ende de wijn, ten respecte en dten Recg: van Emlumptie
131 3185 2477 3418 dage van voorsz aensienlijcke lijckstatie geconsumt
2507 3232 3001 3402 werden ase
215 3300 2551 3532 daer tonder niet, en sullen werden gerekent, maer
209 3420 2466 3645 op reeckeningh van generale consumptie afgesz,
200 3547 2462 3737 en hoedanigh wij vermenen, dese onse dispositie met de
203 3657 2283 3862 Intentie der Heeren meesters best zal komen te
209 3728 761 3933 quadrevten.
195 3925 3094 4208 tot oeter weringe, en voor kominge van alle ongeveer, sot meerden wi, van
206 4108 2243 4283 mitteerden, en verboden handel te deser plaetse
2425 4159 2978 4262 allen Verboden Handel
2433 4215 2651 4310 alhier
2226 4309 2282 4379 11
