3094 4613
19 98 209 199 322
271 92 524 254 328
2473 372 2624 523 53:
10 553 2822 798 en tollevan aan bongemanschap en vrouen, boomel den dlai
-3 780 583 880 nderdanen en Jonge
614 755 2679 918 als mistict, davgenge en ambontze kinderen, diet
0 833 546 947 manschap Prcelijta va
2 910 527 1040 heijlen over besenden
643 846 2865 1079 oolbiaem sjn aldaer bal moeij welden overgesonden
686 1013 2720 1248 in diverte Considentien is oock dienstde ddagte den
25 1121 614 1295 den Cogmen fucnte
643 1160 2750 1372 gouverneur en taetaente schrijven dat den Coorman
21 1258 610 1374 Van Tijhicosijn eeders o
38 1335 611 1437 Eheijlon W Veeplaten
641 1306 2853 1516 Joan faliconter aedans wede optuducgijn van daen
74 1396 569 1546 dogh in geen hande
629 1428 2683 1607 verplaast, en: of Eijlen volders (erniedin taaden
619 1589 2031 1801 sal moeten geEmploijeerd worden
755 1734 2950 1976 Dijck dun mede ten bosjrs zt bal werden gerecontmand:
41 1857 574 2041 Aamenderen der
672 1925 2941 2088 het vermeerderen der resseden op dat Eijlande en desselfs
89 2003 375 2135 Preffijten
651 2093 2815 2282 onderhoorige plaetsen nogh almeeren meet te beventige
673 2177 3011 2415 sov in den hundel, en vertict des areeke te leeden disanen z:
25 2264 663 2419 en 't Vertit des Arreuchs
27 2388 667 2484 kleeden, en Eliphanten &o
667 2314 2784 2568 voord geenze mogen gelden, als mede de vermeerderinge
58 2452 634 2577 Op theijlon te behertigen
647 2443 2850 2684 en verhiotinge der band knnen en Jncoms tenover all
37 2534 648 2670 Item de vergrootinge der
36 2635 430 2764 Inkomsten
637 2605 2798 2833 tlaetsen, sodanigh sulx deree in het disisrict van
642 2779 2900 3006 Jaffanapanam boo loffelijck is in't werck gesteet, dogh
699 2892 2858 3128 Eeder met die voorsigtdigheijt, en Pucumsperdie dat
60 3040 2984 3245 dogt alles sonder delinden het geschiede sonder de handen en ntwoondenn daer door de
542 3224 596 3292 de
64 3227 545 3317 en Inwoonderen
76 3288 391 3398 Altiveren
659 3174 3011 3411 alsereren, en Waerb: dan kogh al den vanwetmenagie
676 3374 2945 3612 moet winden gepractpert; koom af :assen der vonge
54 3530 676 3688 de dorijge Teadanehien
688 3519 2887 3771 tractamenten aende bascorijns, het nader besnooijen
72 3652 642 3785 aende Cascorijns affoe
62 3727 341 3839 Schaffen
692 3697 2893 3923 der onkosten, en nlangse dienaven, bij voedige tijden tot
53 3725 676 3913 ondelen e sete
63 3879 616 3984 ditaaren te besnorgen
699 3870 2822 4039 Nagapatnam, sajn de dwaare lasten der Ejnipagie
62 3946 681 4066 Item oock de lasten der
66 4030 741 4142 Equipagie en versteeckingen
699 3987 2827 4233 en versteckingen der fansoenen in Contujten
75 4097 534 4244 Het Hantsoien
501 4129 571 4213 —
2631 4185 2824 4293 aen
