3131 4717
31 -5 251 209 542
126 190 414 384 34
2496 336 2599 442 32
700 528 994 703 gebetelt
1895 481 2807 708 aerop dnbes de
3 616 564 791 Seden oock Van t
1229 679 2822 814 k onsen hienmten weder
774 684 1104 831 d
12 746 672 857 aenhouden van den Cari„
4 817 623 930 litaan fre Mattheus op
657 806 2888 969 gegeven vantbelangh besaneiis gieraaend
-6 888 479 1041 Cochim te Geven
634 948 2745 1126 en wenomgen boeven vogeroidre tot nogh pzin
641 1091 1626 1243 t aangehouden gewerden
679 1206 2844 1407 daenle verdee hudine overt gedoente en den toet Ial
19 1295 659 1496 Bij t gene 24. 9ber:1733.
619 1358 2857 1530 op mallaba hobij de missiven, in dan 24:e novemb: ded=r
13 1448 640 1562 en 18: februarij 1678. over
12 1521 613 1638 Malabatij hae 't Patria
645 1499 2755 1696 vooreeden en 1eefebruarij deses Jaers aend EEd:e Heeren
17 1579 456 1724 is geschreven
926 1631 2677 1797 endnderlant geshoeven en principaaln
660 1812 2701 1954 daer bij oock de sednen vanvewal des mallataerse
564 1937 2768 2106 hangels staan viegeeuk„ dweckers Extracten een
5 1909 584 2119 Hos d EShuijman
6 2063 600 2208 tot nareght Gewesen
661 2074 2804 2296 uman han bule mede deen sijne. tot noga
636 2222 2815 2406 aengewesen werden, met verklaringe dat wij het voor
3 2268 615 2459 hefebuleen van den
18 2406 631 2526 Varvalen Handel aldaer
653 2353 2848 2568 en merster stuck sullen houden, soo die vervallen van
10 2484 653 2601 Salmen door een meester
2 2554 445 2679 a Stuck Houden
568 2481 2827 2729 door Indiseie en naerstigheijt weder tot den Jongen; en op
629 2636 2826 2863 een geevenschoen voet kan persteljk en de vergrootinge
640 2785 2776 3007 der piesfijden, bonder violente midderen te gebruijcken
17 2949 2818 3143 de difrejte ait derstaigevonden werden; moetende verder apcinatelijck
20 3117 686 3241 der Verswaerde malababass
648 3110 2658 3293 ondersocht en naegesien worden, waer uijt de groote
1 3202 630 3308 onkoften doen accurael
14 3276 436 3411 te ondersoeken
642 3207 2847 3402 diffecentie en verswaringt der inallabaets lastl
658 3369 2815 3613 nccssive sijn onseren, en ons desweder e weoet bend
4 3402 707 3639 en daer van verigt huwarts
13 3575 286 3710 te senden
717 3539 1581 3753 nfapport de gesoiden
2149 3664 2549 3840 e
677 3723 2882 4002 dat Beetrecken des heter tandeis van t gigpilant alen
-2 3784 575 3965 Mag teschi: des Sepor
14 3927 2724 4127 handele van Cilicilem Cocm, om de ngeslope gaade wenden wel voor 1t
3 3999 642 4106 Back Cochm Wrt iet
20 4074 637 4188 Onmogelijck en hoorde
651 4034 3000 4252 moeijelijck, maer tgder niet voor onmogeliyck wert gehonden,
26 4144 643 4281 CComp:s Kootsahuijk gragt.
