3146 4669
2846 21 3082 227 349
2751 198 2867 351 31
1958 430 2263 676 j
273 481 594 659 onde
234 646 2390 770 n et soude konnen dimoeren, onder voorgevin
242 781 2183 961 dat wij lem oj sjn voort Berpaerte ond gogen
240 870 1791 1094 geane pessoonsenk bjssen ten vanden
384 1010 3158 1225 n ine den one gock meden werden osrl Adris to zorderen mithoe
2472 1174 3072 1288 Veel Volck de Pagger op
2472 1249 3159 1357 tan jongpoura tegen eenige
251 1194 2452 1360 mt sepercpotde pagger tet voorsz van Jongpourg
2450 1306 3120 1418 Javaanze magt, Wel souw
259 1355 2450 1536 indes dererde dercantmmers &:. wel begamelijck
2482 1371 3064 1503 konnen gedefindeert
2487 1456 2722 1592 werden
254 1442 2479 1677 soude konnen bewaerd, en bij aankomste of opewvale van
243 1585 2520 1822 eenige Javaanzomagt, behoorlijck op desendeert wvorden,
255 1729 2394 1968 ten wijders noghwejden geordonneert een quantidert
2453 1791 3156 2025 208: stix Pumbesen op
253 1871 2407 2112 van 20000 Cm aamboeken, of soo wel moer alf
2495 1968 3134 2134 Van Jongsouw Inte Kopten
332 2004 1152 2259 o    :
300 2217 1629 2413 legenoheijd derwaerts dr: sonden
324 2359 2506 2617 Hoog schip den Eendraghd 18:' pass:o van talend
251 2545 2356 2764 gecomen, van desselfs voverladinge zij ontlose, en
239 2676 2442 2915 gemeent wert; dader in korten wel weder een scheeps
2444 2804 2988 3000 ’t schip den Eendragt
247 2813 2391 3062 badinge van dat Jegenwoordige klaarse groijn: sal n
2451 2960 3154 3061 andermael tot Atthael Van
351 3022 3159 3130 raet neden de vasegsteld dienselven oodem met sjer naer Dumbangh
2466 3118 2743 3256 aengeheijt
237 3120 2391 3325 eisde ccasie t asaal derselve, weder naer voors:
256 3271 2441 3498 Palembangh de gebruijcken, met die opbicht oock, dat
2439 3314 3020 3549 deeende met enen de
2447 3485 3157 3644 Presendie onser schepen aldaar
233 3419 2386 3624 mestaneele presendie onser behepen voor die
2471 3556 3061 3693 Nogst Peper sluijsken
195 3551 2425 3808 sivier te min in t sluijken en verboeren des pepers
206 3719 1580 3956 door andere sal woerden rvoelt
2057 3872 2353 4091 vaer
