3098 4691
2820 15 3029 175 257
2764 169 3042 359 25 7
384 564 2325 758 naet de E: banderaeur s, en raad
2416 623 3017 793 Tgangbaer macken
174 720 2455 834 hooo versoghen de swere ducadous, en goude
2451 764 3046 859 der ducatons, en goude
2443 827 3058 930 Coubangs tot Malacca
199 838 2291 969 teanse heubens aldoer mede tot 1 en 10: rxd
2430 903 3061 1036 als hier geapprobeet
270 944 2344 1097 uel te megen anckbaar maecken, sodanigh
185 1059 2379 1195 sulcx jegenwoordigh alhier jn usante zij is doe
192 1179 2458 1340 gevonden sulxx toe testaen, dogh de Conbans als
196 1244 2301 1438 en Coopmanschat bjvendigheyen alleij, en
2413 1314 2984 1494 en bij Ruijme Caa
196 1386 2369 1563 van dewelcke dan bij wrijmee oder asse: voor
2432 1462 2993 1557 partijs conbangs in d
2452 1514 3056 1646 koopen Voor Cormandel
55 1430 2272 1645 de bendijde drertiet van Cormandel sock
164 1582 2466 1750 don wijten wel eenigen jaaoop zal mogen werden
110 1691 826 1885 gedaen d He
520 1881 2513 2127 dat hien alhier tegensvadigh deer ompeen
184 2042 2234 2215 is verlegen, en nogh door een julange niet
207 2119 3032 2331 be vers tot eijgen benodighthe staat te verwogtten gan Lipermier
2374 2266 2910 2352 op Maacca te
195 2248 2790 2410 soo zal oock na Malacca  den goordonn: van„
193 2364 2543 2531 voortaen geen peper alloos meet aende portugese
187 2448 2333 2645 off andere pentianten. schoon oock met redelijcke
21 2523 2331 2734 dvance) tflopen,, maer deselve alle soo haeft
191 2714 3086 2848 mogelyck herwaerts te zouden, tot dat ons de maer te ale Hawarts
2398 2780 2928 2874 te laten Comen tot
2393 2852 2817 2968 naderbren
197 2784 2318 2954 opuleuter tijden weder anders sullen doena
189 2900 792 3106 disponeren;
258 3140 2520 3328 en nadien heer jegenpoordigh, wel een parthije
200 3299 2330 3436 tarre voor de genpeente deses stede komt de
176 3390 2535 3529 benodigen, waer van gemeent wert ttot Malacca
2473 3430 3047 3590 Tarwa Ees mogelijck
196 3525 2366 3643 nogh goede quantiteijt jn voorraet te wesen
2469 3550 2950 3649 op Malacca Voor
2456 3613 3011 3760 batavia Inte loopen
184 3586 2447 3781 sn zal tot Jncoop van 30: lasten, derwaerts
69 3707 2449 3847 ordre gegeven, en deselve ten poedigsten ver„
190 3828 1009 4002 waght werden
359 3963 2470 4150 Op de requesten jnt laest des voorleden, Ent
198 4107 2451 4277 begin deses Jaers van Malacca, met voorschrijven
2105 4227 2413 4351 vande
