3059 4593
4 3656 57 3759 e
99 120 179 247 1.
-4 234 168 348 4
-1 502 75 636 d
2816 -8 3043 182 183.
2805 154 3021 353 183
192 405 2492 643 en alle gedebaucheerde, off die sigh Elders inne mogsten
185 569 2470 748 komen te misgaen, aenstonts souden aensien van personen
170 671 1775 821 te casseren, en buijten dienst te stellen.
153 819 2435 1018 werdende wijders jn't een als 't ander tot onse vorige
2367 876 3028 1060 Tote vrix Insructien
169 929 2390 1113 Jnstructie van den 12:' Junij 1676: en 13:en Julij 1657: d’E
2373 1020 3060 1118 Van Ao. 136 en 167. Wert
162 1031 2862 1237 Tgillis van Drreen, en Louis de keijser, na bocksien, doet Gerefereert
185 1132 2389 1324 mede gegeven, tot naright gerefereert. voor soo veel
105 1226 2347 1440 deselve met de jegenwoordige constitutie van tijden
2326 1306 2450 1442 —
168 1356 2280 1550 en saecken, sullen over een komen, en applicabel
42 1467 943 1647 bevonden werden.
173 1570 2409 1806 Ende nademael hetons alhier, soo verre jnden peper
165 1726 2299 1849 komt te ontschieten, dat er vande geprojecteerde
162 1818 3043 1969 5000: picoes, voor China, nogh wel 1500: komen de hineze scpen Lalamh:
2370 1964 3035 2071 trteen angeeen om hun
167 1942 2376 2081 te manqueren, soo is goetgevonden de B:. Casarr
2395 2021 3040 2129 mgiende Peper aldae
2392 2075 2783 2181 in tlunen
158 2050 2358 2252 te ordonneren, en passant de rivier van Palembangh
163 2153 2419 2338 aente gieren, omme aldaer ten spoedigsten, die manque
145 2257 2466 2461 rende peper uijt het daer volladen schip, den Eendragt
164 2413 2480 2546 in het saght 'thuijs te Cleeff, en 't hoecker den Brantgans
165 2494 1103 2653 te doen overschepen.
194 2780 2340 2985 Batavia in’t Casteel datum als georen
1874 3036 2555 3271 van goeue
1857 3007 2542 3465 Wje
1867 3532 2816 3753 W: van Cthoore
1959 3762 2817 3964 Joansamphuijs
1845 4222 2304 4419 D
2072 4333 2314 4446 e
