3154 4669
2826 9 3064 193 36.
2828 187 3008 344 361
1500 167 2574 681 Senlembt6
723 357 819 676 1
685 633 1973 803 Pavonds naer't Geberle
2583 802 2696 928 de
227 827 2649 1040 den inde sertroverijen, en de pijandlijfe actien der bantai:
276 962 2620 1113 waer van sij omtrent onse bontgenoten tot pama noekan
2661 1098 3125 1223 om de stroperijen
282 1092 2651 1263 ondermaijoe &:o al vrij eenige begisteen schijnen te thoonen
2634 1162 3082 1269 der bantamnurs
2634 1251 3141 1372 t Jagia de smid nogh
287 1216 2512 1392 hogen tegaen en te stujven, de goedgevondenens dachje
2654 1320 3022 1437 eenigen tijt in
2655 1388 3069 1494 behttinge voor
291 1388 2675 1531 de Sinik in de besettinge voor Indermaijoe leggetde vlogp
2633 1446 3169 1595 Fldertmaija te bout
2635 1523 2903 1611 men
288 1507 2570 1653 eenigentije aldaer te continmerend Ee letselve te dien
269 1625 2597 1790 Eijnde hogh heden avonde prde Chhaloup de Veptenines
295 1755 2479 1918 op nieuw voor eenigen tijde wijte doen tovicnalieren
2650 1792 3109 1957 mer Insenkom
301 1861 2657 2041 met verdere sneene oock, om Eerlange nogh eenighbequaem
2649 1939 3103 2034 Korten nogh eenig
2672 1997 3150 2102 harmeerde vaertuijgen
294 2046 2472 2171 vaertuijgh en veeck tot versterckinge onder besettinge
2660 2063 3110 2194 dirwarts te senden,
289 2150 1289 2330 derwaarts f t steeken
248 2153 2478 2449 e de M eroten
2657 2377 3126 2553 dn dat de sulijks
234 2409 2649 2594 Leden tot tanjengpoura; de strovene baliers aldaer inde
2656 2510 3109 2616 boven Crawang tot
2666 2584 3130 2691 Goider Gordou L
295 2561 2637 2715 bovenlanden goede goedou en Zevers, ons volck alsins
2653 2649 3053 2758 ons Volck Wel
2652 2726 2923 2830 nthalen
283 2705 2534 2857 wel onthaelt, en ock haare trouwe een gehoorsaemheijt
2646 2776 3135 2895 en haer submissie ond:r
2649 2864 3145 2985 de Comp: belooft hbbe
282 2792 2539 2966 onder Comp=s tegesinge aenden selvven belooft heboen
258 2948 3128 3147 soo is verstaen, gemelde buijtenant aen te schrijven, haerin te getgevonden haer
2668 3051 3104 3161 daerin te versoerken
2640 3127 3097 3233 en te behoegen da
275 3112 2411 3292 dat voornemen, en van onsen goeden wille alsins te
2651 3199 3131 3303 eenige der hooffden
2657 3262 3100 3389 Herwarts Comen
274 3265 2657 3411 verscheren, en braghten te bewegen, dat 'er eenige hunner
262 3392 2596 3576 hoofden hier personelijck voor ons verschijnen, om dat Wij
264 3556 2548 3711 ons aen dat volck in dese verwarde tijdt, met de bantamze
263 3641 2608 3859 gebuuren alwat gelegen laaten, en ten welcken Eijnde
2634 3756 3017 3911 en daeg toe de
238 3792 2554 4021 Jaerlieden de pardon brief, die wij 31: maij pass:o op goede
2638 3845 3125 3999 Vorige pardonbriuff
2655 3949 3055 4046 hun andermael
2647 4019 2959 4136 toe te senden
243 3990 2521 4174 Insighten hebben verleent, dogh door de quade diectie
2335 4125 2651 4247 vanden
