3122 4618
2799 15 3049 160 331.
2785 180 3038 350 231
526 297 2392 706 Vanstaat 25„' Iulij 1630.
868 641 2183 829 Ptpacrdinarij Vengaderingh.
267 1126 2452 1339 Jngevolge onser resolutie van den 5„e desen, door den
188 1292 2437 1441 quippagiem: en gecommitteerde sccuppers gevisit:t
227 1414 2505 1538 en als nu rapport gedaen zijne vande gelegentzeijt
216 1470 2545 1652 en bequaemheyt der borger scheepjens, en Hialoupen
225 1576 2458 1728 hier present op de rEede leggende, soo is voor eerst
234 1723 2376 1852 goetgevonden, uijt deselve na de gedmi taxatie
2443 1697 3115 1878 Tigt en e Cerie
235 1760 2447 1954 voor de Comp: aente nemen, en te kopen, het Jaght
2501 1845 3064 1958 Van den borgen Cast:n
2488 1907 3076 2010 Abraham struijs gekogt
228 1897 2484 2074 de Batavise Coopman, groot omtrent: 130. lasten
2507 1981 2979 2121 Voor 3200. Rijxb:s
237 2032 2437 2167 vanden borger Cap:n Abraham struijs, en dat voor di
228 2120 2462 2253 somma. van tweeendartigs zondert rijcdaelders, te
222 2188 2342 2386 meer na dien hij oock voorgeeft, en belooft dan
2441 2246 3090 2445 6„ db Jaert den borgerij
224 2312 2380 2499 verder na desen, geen Equippagie van belange
2451 2391 3044 2539 alsoot doen op hoerden
225 2431 2448 2576 op nieuw te sullen by der hant nemen, en 't welke
216 2552 2240 2715 met onse Intentie alsoo komt te accorderen.
240 2672 2453 2906 den E: ontfangen en Licentmeester rapporterende
2452 2780 3101 2952 Reijntje Dronkes Vjsoek
222 2849 2452 3026 dat den malax borger reijntie broncke versogst
2464 2897 3096 3019 om spicutterna Malacca
245 2954 3066 3134 had, een parthije spiaulter alhier jnte kopten te voeren, affgeslagen
234 3057 2544 3193 en met zijn Chaloup, na Malacca, te vervoeren
217 3157 2344 3341 soo wert om redenen daer toe, en datse de Comp:e
232 3260 2381 3449 daer mede jnhaeren handel niet dan naarderigs
239 3367 2586 3555 konnen zijn, sulx absolut gedeclineert; en afgeslagen;
161 3514 3135 3724 Nadien den afgesondene van Crain glisson, ende e versoekvnd Agesnde
238 3687 3059 3811 verdere Mlacassaerse hooffden, op Iavas oostcust van Cros Julissen op
194 3798 3110 3956 gent: Caure Roepa, uijt de naem van zijn nes Jaa on eenige ammu
2396 3862 3002 3969 itien On bubre
250 3920 2804 4058 versoeck doet om met partij, buskruijt, Cogels, en haer—
246 4011 2517 4170 als andere goederen te mogen werden geaccomod:
252 4106 2622 4285 tot haer behooff, dewijle zij nu na gemelte afgesondene
2180 4249 2409 4405 zijn
