3145 4593
2885 -7 3107 156 179.
2814 153 3081 374 179
195 345 282 453 d
46 324 266 500 2p
274 447 2477 706 Poonsaagh 29: Junij 1678.
40 636 121 723 1.
826 622 2018 835 Extraordinarij Vergaderingh.
224 982 2447 1211 de Hr. Gouverneur Generael dese vergaderings hebbende
2408 1059 3133 1289 Besomgies over de besindinge
210 1121 2281 1290 doen beleggen, omme te besoiqneren, jnde saecken der
2449 1215 2803 1368 naerchina
235 1236 2275 1399 vast gestelde besendinge onder d’E Mlartinus Casaer
228 1362 2411 1492 naar de Cust van Bhina, soo is op de voortgebraghte
222 1485 2380 1642 notulen uijt de van daer ontfange advijsen, bij d’E B:r
243 1555 2447 1742 Joan Comphuijs onder andere pounten, van rescriptie
210 1684 2476 1855 tot snstructie, en antwoort na derwaerts het voegende
76 1771 251 1946 E
224 1807 783 1974 geresoeveert.
256 1937 2281 2138 Dat men de Bdocksieuse Cartariscte regenten
200 2122 2411 2289 onder beleefde dogh ernstige ter men zal te kennen;
2444 2100 3118 2298 Klagten over de monapole
2490 2255 3004 2362 en segte prijsen des
212 2182 2470 2385 geven, dat men met sodanigen monopolie des handels ginder
2438 2323 2897 2435 Handels te doen
12 2293 2355 2523 die zij t' eenemael aen haer trecken, en soo slegste
218 2464 2472 2632 prijsen der peper, en alle andere onse Coopmanschappen
214 2585 2357 2744 als jongst is ondervonden: gansch niet en kan bestaen
206 2668 3110 2835 dogh dat evenwel de saecken, niet beter willende hnetljte geen Coormanse
2370 2794 2919 2938 onverkogt te laten
211 2800 2275 2951 sucken geen Coopmanshappen, onver koght dienen te
184 2869 2378 3068 drugge gebraght, alsoude men daer voor niet meer Ia.
202 2987 2438 3205 selfs minder als anno passado, konnen bedingen hoewel
192 3118 2213 3326 Eghter de Hoogste prijsen met alle jndustrieuse
190 3249 2403 3433 middelen, moeten werden betraght en waer toe niet
149 3362 2357 3520 ondienstigh wert geoordeelt, dat de goederen niet alte
2339 3356 3097 3528 de Goederen niet se Haestrigk
2425 3480 3057 3622 uijt de schepen op te doeren
127 3473 2438 3666 Jaeftigh uijt de schepen, werden gelost, en naer boven
201 3540 2390 3785 gebraght, te eer dewyle van alle sorteringen, ju't
191 3722 2456 3870 hoecker de Brantgans, eenige monsters sullen werden
197 3827 2424 3998 gescheept, en ’t welck op pretext. datmen deselve uijt
203 3938 2422 4132 vreese van brant, als anders niet wel jnde presente
182 4034 2438 4201 logie durft vertrouwen, wel voor eerst kan werden
2062 4189 2421 4368 oeexeul:t
