3159 4665
2009 27 2120 177 1
2174 55 2276 150 2
2622 33 2725 158 „
21 8 227 205 476.
91 189 176 311 6
256 166 376 364 16
2553 245 2708 353 118
574 528 2434 696 erklacds: e Poot ben dagre be den
586 681 2368 846 danpagie mees ter en gecommitterde bets
-2 678 531 862 Tanmeken gen
19 829 486 935 doer Gecomnitterd
582 798 2706 954 etmael gevisinert wesende, gewaardeert de UEE:
14 908 349 1056 3800. 8
504 926 2601 1145 als naeder op de dae van deigeerene der hanng
542 1090 1566 1266 bieome magd bejeren
566 1270 2765 1483 Wij ondergeschrive Sijnder ordre van den Jsteere
749 1418 2699 1571 Wijchloff angoens Boamoudeneer Pe
756 1546 2766 1717 taaden van neta geordmeert h:t gecommitteert ommets
759 1646 2836 1807 Jaghe Benricus degaen besien hoedanigh dae van den gedsamend
971 1729 2684 1865 welele noais de dadt bij zijnde goederen ges Det: ddas
1062 1858 2557 2000 ndoorins onderdee deermand en me
1135 1973 1638 2117 enris als
749 2091 2119 2244 en Jaghe ooen wijle vonden om betans
773 2213 2812 2357 Wdelijck begt: b:' steijck, dogt is boor slegtt innt ijen: sgaerde
741 2276 2797 2477 moitsaekelijct oock een dhane loer van nooden met vor geselle
671 2407 2705 2571 nadine vderevenge worte zijn de met Den, blengen, als
891 2534 2769 2683 dee konmsout gelijk ook heer brende enende mts
766 2645 2721 2789 alsm de hilen mot de Amckers: en tunmenmaldeene
779 2760 2781 2913 daerby zijnde is onbequaamm voode wij aerensd
801 2834 2796 3028 Palculare, boaustaende bodem tme'tgene daer bij zijnde is
785 2951 2841 3153 degr van hjingtmaerde) abboen gemogent op van commeten t
786 3051 2808 3271 Drtania Dn egenben 16 as ban egees
849 3177 2668 3390 alber & Reld: Pieter martensz Wilwanck Hages.
838 3283 1985 3499 vermunt en lassten de gillen
552 3483 2866 3683 gemeecke somma van agtemen hondern wijsdaelders, dan
3 3516 475 3703 daer voor'tselve
9 3624 2762 3807 versnn e vane bonkigoch genisoeveerd il: eergeseglde dagen eicus voorde
10 3745 398 3832 Een tenemen
535 3789 2706 3983 Compag:s aende nomen (nadien en dogh om
2328 3922 2695 4125 Codan
2922 204 2997 374 „
