3096 4581
-16 3512 61 3651 „
17 3926 127 4041 1
2851 37 3055 204 169
2760 191 2999 402 169
2448 414 3051 594 waer an de Goederen
30 413 3063 661 dat voor een Coopmanschap wert aengesien, welcke vabeder nad ordre uijt
83 569 240 683 5
228 620 2284 755 frequentatie, en commertie tusschen Batavia en
2451 633 2711 741 't Patria
2276 617 2405 740 _o
206 692 2424 874 Pantam, de Heeren 17e bij haer jongste generale
226 830 2290 980 missive van den 18:e October 1677: generalijck jut
22 784 182 1006 1„
188 906 2473 1084 geheel hebben verboden, en waerom oock d’ Engelik
231 1072 2426 1189 zal werden aengeseght, dat soo wel den jnvoer van
2418 1080 3063 1240 t een soo wel als ’t ander
227 1151 2425 1339 wijnen, en bieren als alle andere waeren, na desen
2433 1197 2999 1339 nadesen aff te seggen
145 1248 2518 1442 door ons, niet meer, en zal konnen werden jngewilligt
218 1423 2310 1658 Nademael de tijdinge op gisteren per chinees
129 1575 2466 1772 vaertuijgh van Mlacasser, ontfangen, jnde beroerten
188 1694 2447 1896 onder de Bouttgenoten, aldaer vrij ten goeden schijnen
2420 1734 2999 1917 og de kaemnen dat
226 1849 2407 1985 te zijn verandert, soo is ooetgevonden het jagst de
2409 1872 2881 1983 cassen del
2445 1954 3063 2059 te ooestael van vadia
218 1944 2218 2098 Haman, als nu sonder uijtstel derwaerts te laten
2445 2016 3045 2118 Malaca met dia 600:—
2566 2081 2778 2213 Bougijs
233 2077 2311 2219 voortgaen, omme Radia Palacca, terwaerts ofte
217 2155 2254 2347 na japara, over te halen; waer toe hij nu selve
230 2301 2406 2432 iverlijck scheen te jnclineren met omtrent 5 â 600:
228 2418 2426 2542 van zijn beste en bequaemste bougijs, om het werck
215 2535 2451 2683 op Javas Oostcuft voort te helpen tot een goet eijnde
222 2621 2233 2764 brengen. te meer oock geoordeelt wert dat met
224 2737 2459 2920 Radia Palaccas, absentie voor Een tijt van Macasser
212 2885 2306 3048 en zijne presentie op Javas Oostcust, ofte hier op
205 2984 2280 3158 Batavia, de Compt: den meesten dienst na de
221 3093 2447 3270 presente constitutie, en gelegentheden van saecken
219 3218 1284 3409 sal komen te geschieden.
91 3349 3090 3546 d:o B„r Souverneur generael, Eeeft ijn Raade Agschift ds Serken 1o 1
2333 3516 2967 3601 Eom een derde leeraer
133 3513 3069 3691 „gebraght seken geschrift ofte vertoogh, van deerw: voor d' Inlandse gemeento
2422 3645 3086 3790 dn daer toe dem: Heijnen
195 3640 2375 3830 kercken raadt, deser stede nu kortelingh aen zijn
188 3773 2409 3950 Ed: ter handt gestelt tenderende principalyck
211 3901 2450 4084 om den predicant Partholomeus Seijnen. tot een
99 4007 2465 4156 derde seeraer voor de Iylantse gemeente alhier
2218 4156 2355 4318 in
