3078 4603
2722 -6 2951 185 319
2685 243 2937 441 319
198 490 2189 739 den agelede blaaven o bilenner dae
2362 568 3026 797 Wide socles haen
192 702 2221 890 diensemeit van hn wejden getorken, sots
2369 749 3021 881 O Cheijlon tot batticalsa
2407 824 3036 936 ts klaetzen daer de Koft
245 900 2821 1036 oerdraagen van d: gouvr: en laee bist voord desn bese khon is—
192 983 2327 1160 alle die niet genegen ofte beguaeim sij om inpeijdon
163 1113 2343 1264 hun kost te winne epbatticalga teaelen on detos
179 1254 2257 1444 wgeven, tonne daer, om den overvloet van Dise E
163 1345 2489 1603 bstoeit oequaemtst: en onkoste lijkt: baekonmn gescheden
140 1539 2279 1753 En dewijs de Compag: t: desertlaefe nogwegen
193 1709 2300 1889 partije slaaven Hooghnodigh heeft sal men derwaert
2358 1694 3023 1915 30 4 600: Cboks beeven
169 1882 3028 2025 ordonnereen gedre van 8: â 800: scipx Jongemans en savinder tot hetuorijn
2383 1943 3074 2113 Voor batavia te doen Jnkopen
181 1957 2462 2181 onvrouwen nt ant van diCaduge pootpat: Jnte Copen;
143 2131 2299 2376 lders met aendaght orwogen sinden het gedaene
126 2332 2428 2505 Hock van den Hoor Extraogd: taedt den gouverneur
165 2486 2381 2650 Vehloff van goens de Jonge koninenit da swaer
154 2604 2432 2801 „sightge gouverliemen bemogen werden verbost; soo is
188 2749 2303 2959 venparigh verstaen, om de groode Ervanentheijt en
166 2910 2359 3078 voornaeme qualiteijten die sijn E: js hebbende, en het
2393 2921 3038 3156 H ae Pesels den
178 3044 3012 3256 goet genougen dat den beben met snbu oupermaijden zmn  1t
2396 3192 3004 3300 eenigen tijt Contigniatie
175 3183 3030 3384 woet ons is toebrengende gem:t sijnE tot Contimiatie mnden
2398 3339 2945 3504 Cheijton te Versoeken
181 3338 2362 3516 van nogh Leuigen bijdd, ten moesten dienste bande
133 3484 2313 3721 gerievaele Compag:t aldaer vundelijck te versocken
180 3552 3036 3816 en te animeen, met beloste bock van onse Meloitemada onde telijk den shan„
2402 3740 2933 3855 mandatie tot zijn
182 3790 3058 3963 tot sijnE verder advancement aan d’ Ed: H:r maijasadanmen mesien
2443 3888 2607 4008 Mr
178 3901 2441 4131 eonstelijck te sullen vordragen; dogh Ingevalle sen E:
2118 4129 2360 4281 Egter
