3008 4680
25 17 266 165 154.
87 155 337 356 134
626 357 2365 601 Item voor de Dorger Capallerij.
2850 610 2965 725 „
1239 547 2031 780 tot Ritmeester.
617 675 2567 948 Isaaca Voolmans . - . . . . . . . . . . . . . . . . . . met.12.
564 856 2561 1045 Jurgen schults - - - - - - - - - - - - - - - . . . . . . . . . . 11.
1182 988 2526 1225 tot Luijten in't hoedanigh een
1183 1134 2416 1331 officier als dienstigh, en nodigh, nu¬
1213 1246 2753 1453 loock wederom de novo is Voorgestelt 5
602 1379 1942 1563 Jan Wijnantse met....
2393 1406 2547 1547 11.
590 1488 1516 1647 Jacob Does . . . . . . .
1804 1501 2220 1663 1 2 3
2381 1533 2555 1660 12.
1222 1602 1735 1798 tot Cornet
595 1710 2554 1958 Jan Vrouweingh . . . . . . . . . . . . . . . . . . . . . . . . . 12.
608 1865 1376 2043 duard Pittarin
1353 1895 2545 2082 ..12.
1224 2007 2158 2212 tot Quartiermeesters.
567 2133 1564 2325 Joost Schouman . . . . . . . .
624 2266 2473 2494 Hendrick kaest . . . . . . .. (: met 12 stemmen.
607 2394 1424 2524 Gerrit Croon.....
373 2390 631 2534 d
588 2470 1498 2654 Aert. puttelaer . . . .
61 2602 2975 2864 Gontimeerde En uijt alle welcke voorenstaende personen dan goetgevonden
18 2771 605 2871 nieuw verhoge ber
1 2822 566 2984 uijge offibier
586 2770 2857 2973 zijn, ten meerendele uijt, de oude te tcontinueren, ende
588 2913 2118 3100 op nieuw te verkieten als volgst.
1041 3055 2457 3330 Voor de Comp:e van d:e Ooot Zijde.
588 3225 2521 3451 Pieter van Leeuwen Capitain bij continuatie
574 3376 2395 3562 Adriaen van Hosten Luijtenant bij optredinge
578 3511 2675 3692 davis Disponteijn vaendrigh bij nieuwe Electie.
1179 3621 2032 3800 tot Sergeanten
559 3721 1868 3939 Vartholomens van Doorneijck
1895 3779 2537 3995 bij continuatie
577 3872 1514 4022 francois Gade  . . . . . ..
473 3931 1797 4141 dionijs van Es ... . . . . . . . . . .
1830 3993 2744 4199 } bij nieuwe Electie
599 4080 1843 4253 paulus Dusseldorp . . . . . . . . . .
2416 4175 2855 4397 172 :
