3154 4654
262 0 310 93 5
635 425 1145 670 aag
1591 235 2103 661 k
624 628 2299 828 daermijtdagh Extraord vergaderingh
272 803 2712 1021 oukeere Gouperneur geendel soet de pergaderinge
291 961 2542 1172 voor het gedoente, en den presenten doos Land van het
293 1077 2589 1248 bantunkeles; en waer op andermagt geresuneet: en
289 1210 2615 1386 nagoeeden weedende, het songst gedaande Rapport vanden
282 1351 2662 1524 Coopman Jacob van dijck, dato 28:e medien nader apals
1753 1478 2047 1550 voorlesed
245 1481 2459 1681 bijvoogheel daeron van den 20e deserr op sijne  thige
260 1652 2631 1775 comste van daerj boois naer deciberatien goudgevonden
246 1759 2543 1930 (dewijle den ouden sulthan van bantam sigh ongenoegs
271 1881 2618 2083 het gethoont:) dat gemeeten van dijck geen nadersslef
318 2009 2565 2227 van ons, aen teem hadt mede gebraght (gelijcknen en
316 2137 2580 2335 vermoent dat hij uit ons bough: schrijven wel abnsipi
318 2295 2605 2451 noget hebben begoepen) on waedom bij Edem oock goen
297 2401 2580 2594 andientie op hundiassa heeft willen verleenden) omme
331 2558 2621 2776 gemoetendienthoemaad volte moeten, nu andermat
298 2694 2627 2884 venbriefje aen hem alf te sonden en daerbi oock onse wer
301 2895 2613 3021 vortge aenden belven van den 30maij; en 18. aug„o laestl
300 2999 2620 3192 ten vollen deonsereren totbetervers Lant vandien, en
288 3162 2562 3351 omme alsoo nogh bij onse goede opreghte Intente toe
333 3296 2614 3476 Connnaie van wede: en vnneschap te persisteren,
305 3469 2564 3630 met verdere notificatie van de publijcke Bostiligeijden
314 3603 2611 3795 en andere bevoerten, door de bantamze polckeren, aen ons
316 3780 2477 3958 onderdanen, en botgensten, soo tot pamanoekan
287 3871 2472 4120 Indermaijoe en Elders hiet omher nu weder op
2247 4082 2554 4191 nieuw
2796 4 3083 181 36.
2828 200 3066 361 363
2651 2307 3122 2543 On den Pantens
2650 2469 3049 2563 eerink in Sijn
2622 2530 3132 2630 Lruijlende gedoent
2660 2601 3137 2726 de maet Voltomiten
2686 2688 3131 2805 Verstam anderm
2664 2750 3078 2864 hon briffie met
2641 2835 3081 2944 Inzertie Vande 2
2646 2900 3074 2993 vorigh gesondene
2660 2967 3085 3091 hem toe te schicken
2625 3131 3047 3276 en daar bij hadd
2636 3235 3046 3339 Van onse goede
2619 3292 3056 3393 Interitie tot den
2645 3336 3103 3487 Vrede te Pasisaren
2625 3414 3115 3603 Met ticatie van
2629 3567 3088 3682 de Heft buijten der
2636 3620 3128 3752 Dantammers omen
2625 3697 2984 3794 Samanoe han
2598 3770 3086 3869 Indermaijo L aen
2667 3827 2942 3933 ons wolck
