3063 4643
62 63 283 219 318
114 209 355 409 318
2520 402 2656 523 5
921 614 1794 797 ede Eanigen danke
54 610 618 800 Geen doeken dan dijs
2744 641 2934 793 de
38 750 614 880 geeijscht en van goede
626 780 2214 922 of e besoo a van
2324 779 2738 938 bee
54 827 638 957 addance zijn In tesamen
633 894 2287 1076 ue bvoolijcke mien kennen e
652 1060 2809 1221 sal dock tot dticatoa een baaenolen mogenet
34 1060 564 1247 En kookmolen op
42 1211 635 1350 batticaloa te maeken
729 1184 2841 1359 gereeten verade men velhiervn Boutwercken da
657 1311 2696 1465 mitted voor eerstigh de nodige vlc hen  voor
48 1378 681 1550 Pale erreneie
730 1473 2812 1622 Leijlon ttemmedig der schepenen vaertuygn
54 1504 661 1614 der Schepen nogh Van
54 1581 642 1719 Mallabaer te Eijsschen
657 1605 2766 1772 bange uste mallabar moden werden gevorderd en
671 1690 2829 1913 6 aem bal tet Patticalon pn trigoen enals
32 1799 634 1986 Webee de dede e
650 1901 2796 2057 soo peel nelij Jaclijn dienen Ingesamelt en opgetrocht
49 1949 575 2050 Tricoeemale In te
37 2016 314 2110 Samelen
648 2057 2817 2197 als een verploet de slants sal toelaaten, en negeelijk
25 2120 639 2303 1 t Sres danit out
797 2156 2701 2354 Cmp:s dntest onent ed-ond: (als mede ve
55 2263 637 2385 voor de Comp: ook te letten
632 2280 2744 2477 boornaem domejn) dienen geleehn, sonder jooghdans
606 2389 2897 2609 het ba de koningse ofte bovensandere voorals Hogh
15 2435 623 2626 Waer de Coninge Voor
45 2581 610 2672 als nogh 't selve it te
49 2646 333 2756 Onthouden
646 2621 2881 2776 te ohonden ofde versindeden tesaalen, dogh duijte
598 2719 2930 2941 oewelckde andreompeg: onderdanen pselve allen
23 2841 611 3006 dogh alleandre Comp:
660 2868 2779 3072 van de oompag: sullen moeten Coopen gelijck al
37 2965 627 3091 onderdanen moete telve
31 3048 639 3189 Alleen van de Comp. Kopen
649 2998 1857 3230 lange in eneijck geweest is
571 3170 2855 3388 Ein dat de Jaffananom te geschildende seigen, soo
39 3296 482 3451 Aen doeken, O
656 3355 2934 3499 hier als Eldere successipe boer boberomen de senderen,
41 3420 620 3545 Verwerijen op jaffinapat
31 3492 631 3613 mer te doen aenmaken
636 3458 2816 3688 t ooetgevongen de selpe enemael oe teschaffen, en:
36 3574 411 3671 tot nader ordre
656 3612 2820 3804 onsemer ordre niet een stuckmeer aldaer te doen
630 3797 1234 3975 aanmaakeen
624 3985 2733 4139 Alsoomen o deijlen viereen goef genal bijde
2625 4177 2768 4272 een
