3061 4631
2790 -37 2994 161 161
2692 179 2863 360 6
29 401 2270 616 vertoonende de schaade, die sij bij voorschreven
95 567 2355 714 paghten komt te lijden, door de nieuwe ordres
201 680 2394 852 van't verbodt der Dantamse vaert, als anders
181 784 2326 930 en waer door hier geen peper suijcker &:r van
180 920 2401 1097 daer off de Javaense oostcust wert aengebraght
171 1020 2400 1161 behaevendat de Compt: ditmael oock geen peper
178 1139 2368 1323 aende Chinase, soncquen, heeft verkoght; ende
2265 1213 2432 1388 _o
154 1257 2284 1407 daeromme dan versoeckende met het eijnde desen
170 1339 2496 1512 maent van voorshreve pagsten te mogen ontslagen
182 1453 2396 1624 en oock eenigs remis van zijn agtterstal verleent
184 1617 2335 1763 werden, Soo is na desiberatie, en ondersoeck
197 1687 2260 1885 van saecken. hem voor eerst: twee maenden
173 1864 2439 1969 surcteance tot betalinge zijner paght penningen
178 1961 2427 2109 geaccordeert; omme dan ten eijnde van't Jaer
173 2026 2422 2202 op desselfs versoeck, na billickheijt, en bevindinge
173 2129 1143 2346 naden te dispeneren;
168 2286 2967 2484 den paghten: vande Dischmarckt. quasinio jnsgelijcx tande Lagteder
188 2456 3025 2601 met request klagende, over zijn daer bij geledene vischmant quasinie
2454 2521 2767 2604 een maent
179 2542 2480 2717 schade: en versoeckende, om nogh een maent opschortinge
203 2658 2476 2778 tot betalinge der ordnarrij paghtpenningen te mogen
189 2773 2466 2938 hebben; is hem sulcks om gegeve goede redenen toe
205 2867 571 3001 gestaen,
200 2942 2898 3162 Maer den paghter vande Herbergiens, binnen de Bhaerde Lagtie der
2437 3099 3058 3241 Herbergiers afgewesen
195 3096 2462 3232 stadt, die mede om de sleghsten tijt, en't verminderen
194 3206 2499 3348 der tapueringen, om afslagh jnsteert wert afgewesen,
31 3322 2323 3534 de Hr. Directeur generael: Cornelis Speceman
2310 3381 3075 3579 de Calivis en Mialeijens
205 3471 2335 3640 draeght de vergaderinge voor dat de Maleijers
2391 3532 3076 3648 desen stede met d' Hico
-14 3496 229 3665 r
2433 3611 3027 3752 Sieman om door
216 3587 2454 3773 en Palijers jngeleten desen stede dewelcke met.
2467 3685 2960 3819 geweest hebbende
211 3693 2477 3868 zijn EE: In december 1676: van hier na Iavas oost
217 3862 2477 3986 cust, ten oorlogh, zijn vertrocken, doenmaels geen
201 3924 2475 4087 bezoedinge, en is toegeleght, en op hun te rugge
202 4040 2280 4206 keren, van daer naer herwaerts jn october
2076 4140 2521 4323 voorleden
2007 4280 2091 4466 5
