3037 4605
42 11 233 160 186.
2767 116 2841 237 2
63 167 237 367 106
2897 216 3016 385 5a
2911 357 3000 467 5
615 451 2638 665 uijt te roejen, daer toe dan soo veel militairen
2921 558 3024 659 e
9 559 610 744 Alle mogelijks mag
633 604 2782 758 en Zeemaght, buijten die 'er als nogh bereets zijn
12 695 595 787 onder den aensienlijck
629 703 3003 884 naer gemelte Javaense oostcust, sal werden afgestoken
24 774 549 872 minister doe toe
14 830 421 979 Afftssteecken
566 873 629 951 3
621 813 3008 952 onder een aensienlijck capabel minister, als buijten
631 933 2842 1099 eijgen hooge nootsaecklijckheijt alhier eenigsins zal
611 1015 2988 1196 bij te brengen, en te missen wesen: jn hooper en vertrouwen:
525 1146 2881 1350 dat godt de Heere daer toe zijnen Legen, en eenigt
604 1273 2496 1427 spoedigh gewenscht succes verlenen zal &:a
711 1450 2983 1638 Ende dewijle men tot uijtvoeringe van ons voorstaende
625 1631 2985 1776 voornemen op Javas ooftcust, althans, om lighte jaghjeas
609 1705 2908 1859 en kleen vaertuijgh voor de Comp:e zij benodight, soo.
611 1815 2899 1966 is goetgevonden, door den Equippagiemeester Jacob
624 1967 2861 2107 fens, nevens eenige gecommitteerde schippers, en
617 2060 2827 2203 timmerlieden, de borger Iaghjens, en chaloupen
611 2183 2791 2316 hier present bij de handt, eens te laten visiteren
24 2205 617 2397 Eenige bequamen boeger
2757 2294 2837 2410 —
623 2314 2799 2453 en opnemen, omme als dan de bequaemste daer uijt
24 2357 604 2447 Sachjes, en chialoupen
18 2401 633 2515 daer toe nodigh tot taxatie
622 2380 2901 2547 tot taxatie, aenteslaen, Ende alsoo met eenen oock
34 2496 455 2582 Aente niemen
629 2513 2771 2668 daer door te met de Borgerije, van Jaere voor
9 2559 615 2718 Ende bongong daer dogre
33 2654 2796 2776 oock alsoo vande ipge naemste vaertuijgen, sonder schaade te ontlasten
18 2742 558 2852 ter zee te divertren
623 2760 2690 2929 na dien wij jngevolge vande jongste ordre der
625 2866 2838 3022 heeren meesters, deselve naer vermogen. van alle
584 2975 2852 3148 vaert ter zee, traghten, te diverteren, en afteleijden
635 3134 2876 3346 Voorts is op het voorstaende genomen besluijt tot ver¬
18 3188 627 3372 apteseen te
641 3294 2909 3467 volgs van saecken op Javas gostcust, oock met eenen
31 3326 622 3476 macrssan off de zinden
550 3377 2725 3576 Teresolveert, het Jaght de flaman, ten spoedigsten
616 3527 2986 3667 na 1lacassaer afteschicken; en oock het schip 't waper
23 3598 553 3760 en Terlsolen van
618 3626 3019 3829 van Certholen, op 28:e passado, naer Iapare vertrocken
26 3723 549 3821 Macajsar mede tie
634 3761 2872 3909 mede jn desselfs Comp:e derwaerts te laten voortgaen
49 3788 479 3917 laten den onte
631 3859 2820 3998 t eerste omme voor Radia alacca, en 't andere
36 3860 629 4003 Tot aftial  Medie
38 3974 563 4078 Malacca en oock
619 3967 2754 4148 omme voorden afgesetten Coninck van JJoa
27 4028 448 4170 1 Crain bissee
2504 4101 2856 4222 Crain.
