3195 4785
932 252 1297 573 1e1
2353 476 3023 690 . . . . No. 162.
39 507 1922 746 191 der 55. d voor die toght als nu te teveeren:
318 649 1635 777 & deofficieren naer adbonant
319 759 2340 866 8 Pr ood. vaet Anth: Burt Van Japara Herwaerts te ontbieden - -
2750 824 3044 962 „ 162
335 841 1793 976 kunnende naderhant vader derwaerts gaen --
7 936 2643 1091 21: d:o d H:s outhoor kerkmeeshet soo wel van d’ Jnlandze als Noderlandzo, en al de
2712 1019 2804 1147 „
662 1030 1338 1167 tercken alhier: - -.
2798 981 3097 1174 164:
326 1100 1382 1279 op de goede tijdingen Van Japara
339 1181 2674 1368 100. nnderlandze, en 142. Inlandzo militairen Voor aff tot Leevent Verwaerts
689 1328 1202 1435 te schicken -
309 1385 2739 1548 van de welcke Jnde besettingen op Tegal en Tammarangh des nodigh Eenigh Volck
2730 1414 3046 1610 „ 165.
705 1505 1683 1649 sal mogen gelight werden - - - -
258 1555 2175 1761 den Jndercoopmanvan Jonas na Japara te Emploijeren
330 1717 2744 1832 dom: Melchior Leijdecker; als een seste permane predikant der nederl. gemeehte
2760 1780 3004 1936 „ 166
656 1811 1338 1924 alhier beroepen - - - -
333 1839 2368 2025 de swontogs tottelaes te besindinge na Conguin aengeleijt..
346 1995 2613 2139 de shepen naer Japan Wat Huijmer te victualieren om de sware onkosten
631 2101 1207 2246 aldaer te mijden
351 2176 1828 2306 bloethorael Jn Japan vand Bant te schuijven
2789 2272 3011 2442 „ 167
349 2244 2458 2416 Croneibiugh met d Ebrebriick uijt Japan Horaerts te komen.
346 2395 2691 2556 maer d' andre bodems toesdijck spijch, en Voorsightigheijt naer Malacca te gaen
356 2495 3009 2667 dengels op bantam met een socke mast, en boegispriet Voor haer gelt te actomoderen . r168„
108 2491 372 2670 237:
2751 2580 2841 2713 „
353 2600 1889 2777 Maer Haer sulx Voor toekomende te tefuseren -.
2771 2722 2862 2817 „
350 2707 2437 2827 nader ordre van d Heeren Mr. deswegen voor toekomende te versoeken
346 2843 2511 2959 Engeengels Wijn; en mon van bantam nogh toeges sien In te voeren
2772 2897 3025 3061 „ 169
342 2904 2075 3071 maer andre goederen Verboden na d’ordre uijt 't Patria - - .
343 3011 1886 3139 t een soo Wel als ’t ander nadesen aff teseggen - -. -
354 3074 2774 3223 ’t Iaghe de flaman na Macassat te laten Voortgaen tot orrhael van Hadia Palacca
683 3205 1689 3338 met 1. â 600. bougijs - - - - - -
2812 3313 2921 3420 1
373 3309 2653 3438 geschrift des kercken saets om een derde leevaer voor d’ Jnlandze Gemeente--
2813 3413 2859 3508 „
376 3401 1434 3545 en daertoe dom Heijnen - - - - -
2786 3474 3050 3645 „ 170.
386 3490 2323 3650 bij dom Beijnens beroep na Amboina Mest als nogh gepersicheert
399 3574 2358 3714 en salop de nodige borge over de kercken werden gelet - - - - -
395 3714 2622 3840 den ondercoopman Joan Va Heden opperhooft tot Jambij in plaets Vanden
695 3793 1505 3921 opterleden Pot - - - - - - -
2781 3877 3037 4033 „ 171
386 3876 2208 4064 besongies oper 't uijtdiepen vande graght deses Casteels—
366 4018 2034 4173 en voorderst de nodige dammen daertoe te leggen
