3148 4644
2819 -31 3052 159 123.
2812 135 3040 296 123
40 313 139 455 5
12 384 2481 585 stede quasionio bij request wederom verthoont hebbende
27 552 2436 710 . hoe dat uijt eenige valshe uijtstroijsels, sommiger
220 633 2446 786 onsen quaetwillige jngesetenen, de ordinarij visschers.
35 733 2393 921 die hier jaerlijcks van Bantam plegen, aente
162 880 2321 1040 komen, sodanigs waeren ogntideert datse nu al
220 965 2376 1158 goede wijl verleden aghter geblepen zijnde, tot
194 1032 2399 1267 nogh niet weder te voorschijn quamen, ende waer
181 1172 2360 1348 door nu daegelijcks; soo weijnigs visch, ter marckt
205 1320 2480 1494 gebraght wiert, dat hij om zijn groote daer bij gelede
226 1418 2361 1606 schaade versoght van die pagst te mogen werden
2508 1454 3092 1603 de Lagterder Vismaact
2501 1570 3094 1676 een Macit Surcheang
219 1520 2515 1705 ontslagen; op 't welck verstaen is gemelte paghter voor
2473 1626 3091 1744 tot betalinge zijner Lagt
224 1636 2435 1770 eerst, een maent surchance tot betalinge der on„
2473 1702 3008 1814 Pnningen toegestaen
181 1746 2505 1902 dinare vaght penningen te vergunnen, jn vertrouwen
236 1879 2453 2062 dat de visserijen, soo der: Dantamniers, als voor na„
240 2004 2487 2156 mentlyck onser eijge jngeletenen jn kosten tot volle
238 2073 2511 2268 gerieff deser gemeente wel weder toenemen zullen d„oa
211 2226 2517 2461 In opmerckinge genomen zijnde de sobere, en quade
238 2386 2495 2573 gestalte vant gehuirde schip S:t Andries, op 15:e deser
249 2475 2524 2699 na een lange reijse uijt het Vaderlandt wegens de
2535 2581 3117 2737 Veirklringe den bevonde
255 2602 2509 2797 Camer Amsterdam hier aengekomen, soo zijn tot visita
2533 2736 3113 2819 gestalte Jan 't Gehuiurd
245 2755 2520 2876 tie vandenselven bodem gecommitteert, den Equippagis
2519 2788 2961 2922 schip S:t Andries
252 2866 2499 2983 meester Jacob beus, nevens vier er varene schippers
259 2945 2546 3105 ende de baes Timmerman vande rheede, en aen sandere
256 3056 2421 3228 zijde, bezijden den schipper der rseeders, oock nogs
263 3167 2341 3356 twee andere bequame schippers t' zijnen keure
246 3272 2530 3442 omme alsoo ten meesten dienste vande generale Comp:
261 3390 2494 3530 daer van te grondiger, en te onpartijdiger te mogen
257 3511 2498 3628 werden gejnformeert. en beright, dewelcke dan sulcx
262 3623 2577 3758 gesamentlijck hebben volbraght, ende daer van opheden
257 3687 2517 3856 sodanigen verklaringe overgelevert, als hier
256 3805 2506 3945 onder van woorde tot woorde, staet gejusereert.
1960 4015 2210 4187 Tee
