3093 4441
10 23 137 163 74.
14 163 169 333 14
332 122 558 301 5 _
587 227 2748 621 Maendagh. 4:e April 1638. —
542 959 2813 1151 Tewijl bij Resolutie van den 4:e februarij laestleden
591 1122 2880 1246 goetgevonden en vastgestelt zij het ampt van Land-drost:
591 1180 2832 1358 over de landen gelegen /onder ’s Comp:s gebiede ende de
590 1308 2643 1460 Surisoutie van Taccatra, te laten waernemen
605 1428 2820 1560 en bdienen door twee besondere personen d’eene aende
602 1522 2884 1690 oost end' andere aende Bestzijde van dese rivier s„
2639 1668 2772 1760 —
603 1622 2644 1778 ende dat dienvolgende oock zae moeten werden
612 1739 2787 1892 gemaeckt. een verdelingh vande Inlantse Dienaren
606 1841 2869 1965 die tot laste van d’ E: Comp:s ende ten: dienste vande
341 1800 592 2002 E
626 1951 2911 2111 Justitie bij haer worden gebruyckt. soo is medet gesproken
35 1927 548 2106 Pglenen vene
79 2064 617 2168 Jnlandze dienaren
624 2032 2805 2182 noppende de dienaren vande respective fiscails, die
91 2128 583 2238 off haffers van d’ E.
618 2169 2737 2312 jnsgelijcks d’E Comp: al een merckelijcke somme
102 2193 584 2304 fiscaels, baillieuw,
63 2261 578 2348 Den lantdrorten, bij
625 2242 2832 2384 komen te kosten. Ende is op't een en 't ander goetge„
81 2324 617 2435 d’ EComp: te betoftigen
619 2385 2823 2486 vonden, van 'tnu voortaen tot een vaste ordre te houden
612 2471 2806 2579 dat de bovengemelte officieren gesamentlijck tot laste
600 2556 2665 2684 van d' E: Comp: sullen mogen souden 22: jnlandse
612 2643 2748 2834 dienaren, tegen drie rijcxd:s ter maent ijder ofte niet
603 2756 1967 2914 malkander 66 rx:rs namentlijck
608 2891 2660 3075 8: tot dienste vanden advocaetfiscael van India
866 3004 1593 3149 tnalter Zeeman.
617 3056 2353 3250 4: voor den water fiscael Pieter pauw.
622 3202 2781 3420 6: voor den Landdrost aende oost zijde Laurens pit
897 3360 1318 3506 de Jonge.
625 3385 2817 3611 4: voor den Land-drost aende west zijde pincent
905 3563 1520 3693 van Moock.
321 3737 2957 3909 Samen 22: Jnlandse dienaren vande Iustisie die door d’ EComp:
764 3878 1757 4047 sullen werden betaelt.
2595 3882 2770 4051 de
2879 -8 2993 92 P
2913 1423 3020 1529 58.
