3135 4596
15 279 66 447 6
2853 -22 3026 107 157
2861 158 3056 330 157
235 251 2385 657 Tjnsdagh 14:en Junius 1678„
96 886 2309 1073 „tlaer demael het Capitainschap der chinesen te
86 1033 2380 1240 deser stede, na het overlijden van Siqua, zedert
108 1167 226 1341 E
191 1152 2315 1307 den jaere 1665, tot nu toe is vacant gebleven, en
205 1312 2384 1473 soo lange ten principalen bij desselfs wed:e waer„
198 1407 2234 1562 genomen. ende dat ons nu zedert eenigen tijt
2358 1484 3148 1674 Op t vessoek en Voordragen
192 1505 2305 1645 Herwaerts versheijde versoecken; en requesten
2397 1613 2993 1713 der Meeste Chineze
199 1608 2323 1775 der outste en meeste chinese jngesetenen zijn
2303 1673 2829 1810 —Ingesetenen
207 1735 2236 1869 voor gekomen omme gelijck jn vorige tijden
216 1866 2380 2009 weder een man, en niet langer een wijff, tot hooft
213 1955 2407 2154 over haere natie te mogen hebben, soo als sulcx
65 2082 2226 2282 omtrent de andere jnlantse jngesetenen mede
240 2196 2478 2378 wert geobserveert, ende 't welcke oock jnderdaet
248 2329 2401 2473 voor 't gemeene beste niet ondienstigh geaght
231 2429 2432 2574 maer nodigh geoordeelt wert, soo ist dat althans
236 2544 2434 2734 naer verscheijde voorgegane consideratien, goet
237 2660 2424 2839 gevonden zij tot de electie van een nieuw Cap:n
232 2766 2502 2906 en hooft der Chinesen, te deser plaetse te treden
105 2834 3076 3065 en waer toe dan als de bequaemste verkoren is LTTon wanjak tot
2478 2990 3120 3107 „Capiteijn der Chinesen
241 3010 2491 3191 Esoa Banjock, zijnde, een vande outste jnhabitanten
2500 3064 3146 3199 deser Stede Verkoren
155 3129 2308 3267 die hier over de 40: Jaeren heeft gewoont, en
241 3263 2460 3391 onder hunne natie wel de recklijckste, bemuntste
250 3369 2326 3563 en voornaemste waght, als oock zijn jntrest
228 3478 2493 3672 soo binnen als buijten de stadt van belangh gehouden
268 3613 553 3738 wert.
268 3715 2310 3906 Dogh na dien de versoecken der chinesen, mede
172 3886 2447 4012 „tenderen, omme nevens, een Capitain, oock met
341 3974 608 4056 verdiis
590 3972 649 4012 1
188 3980 2244 4160 de mindere hooft officieren, te mogen werden
2119 4076 2516 4213 vereert
2012 4303 2105 4400 e
