2972 4629
13 -16 180 122 128
32 115 209 303 20
418 426 2890 634 de onderstaende resolutie, bij hun Collegie grtrocken
615 568 1516 715 luijdende als volght.
1133 836 2980 1049 Vijdagh den 27:e Maij 1678 Presentibur,
1163 981 2943 1158 omnibus dempto d Hr. Jacob van der meersche
1156 1117 2054 1308 en een Stoel vacant
744 1372 2892 1531 en Ed:e Heer president Cornelis Epeelman, verthoond.
630 1477 2687 1624 in dese vergaderingh seker bielet, door den Ed: heer
631 1585 2822 1699 Gouverneur generael, ende d Ed: Heeren Raaden van
628 1676 2953 1792 Jndia jn haere vergaderinge den 21:e Courant gurresteert
640 1772 2880 1906 tot bequaminge vande nieuwe heeren wegs, aende Oost
618 1859 2849 1980 zijde vande groote rivier tot gerieff en accomoditeijt
652 1971 2745 2068 van't gemene beste vande zee kant aff over de anchiolle
642 2049 2687 2170 vannt reght zuijdwaerdts op na boven toe, tot laste
644 2153 2826 2266 van d E: Comp:e opgekapt, en gewoijt, jnvoegen als bij
634 2252 2813 2371 het geciteert biljet naeckter, en klaer der staet uijt
2522 2326 2580 2391 t
2732 2320 2862 2445 —
575 2371 2744 2474 gedruckt, en zeijde daer benevens dat zijn Ed: den
638 2419 2929 2577 Heere gouverneur generael ende de Raaden van India.
638 2495 2902 2661 zijn Ed:es hadde gerecommandeert, hetselves aen zeeren
622 2639 2883 2772 schepenen te communiceren, omme daer op te horen haer
868 2730 967 2804 in
657 2738 2824 2897 Eerw: advijs off misschien daer op quame goetgevonden
637 2833 2843 2951 te werden jnden hogen raadt van India, eenige nader
638 2929 2714 3049 reflectie te maken; het welcke dan met aendaght
634 3018 2767 3190 geblesen, ende geresumeert zijnde, verklaeren heer en
639 3115 2849 3272 scheppenen, dat niet konden stille staen haere verpligstinge
637 3236 2862 3348 te betuijgen, voor de eere die Jaer eer w: pydesen door
637 3327 2911 3446 d Ed: hooge regeringe wierde gedefereert, mitswelcken
568 3437 2869 3555 daer over gemiditeert wesende, versoghten het Collegie
595 3509 2884 3653 dat den Ed: heer President, van haer en't wegen, hun Ed:e
639 3640 2861 3780 Ho: H: erbiedigh en onderdanigh beliefde voor te stellen
641 3712 2824 3888 off hoogegem:e hun Ed: geen gevallen soude tkonnen
652 3821 2742 3954 nemen dat over den ganschen staat, der buijten gelegen
637 3913 2706 4034 kanderijen, een generalen omslagh wierde gemaeckt
642 4032 2818 4183 om de landerijen na Rato van haere waerdije met een
2574 4108 2893 4283 sekere
