<?xml version="1.0" encoding="UTF-8" standalone="yes"?>
<PcGts xmlns="http://schema.primaresearch.org/PAGE/gts/pagecontent/2013-07-15" xmlns:xsi="http://www.w3.org/2001/XMLSchema-instance" xsi:schemaLocation="http://schema.primaresearch.org/PAGE/gts/pagecontent/2013-07-15 http://schema.primaresearch.org/PAGE/gts/pagecontent/2013-07-15/pagecontent.xsd">
    <Metadata>
        <Creator>prov=University of Rostock/Institute of Mathematics/CITlab|PLANET AI GmbH/Gundram Leifert/gundram.leifert@planet-ai.de:name=Dutch Mountains (18th Century)(htr_id=21683)::::v=2.6.6
prov=University of Rostock/Institute of Mathematics/CITlab|PLANET AI GmbH/Tobias Gruening/tobias.gruening@planet-ai.de:name=de.uros.citlab.module.baseline2polygon.B2PSeamMultiOriented:v=2.6.6
prov=University of Rostock/Institute of Mathematics/CITlab|PLANET AI GmbH/Tobias Gruening/tobias.gruening@planet-ai.de:name=/net_tf/LA73_249_0mod360.pb:de.uros.citlab.segmentation.CITlab_LA_ML:v=2.6.6
Transkribus</Creator>
        <Created>2020-09-07T17:37:34.797+07:00</Created>
        <LastChange>2020-09-07T17:50:09.089+02:00</LastChange>
        <TranskribusMetadata docId="471980" pageId="19528841" pageNr="576" tsid="39456126" status="IN_PROGRESS" userId="15017" imgUrl="https://files.transkribus.eu/Get?id=BUZAPXHHHMANSPTLVIUWMJUA&amp;fileType=view" xmlUrl="https://files.transkribus.eu/Get?id=EXSSWKQLOKLAHJAWKWXDCJRX" imageId="15088678"/>
    </Metadata>
    <Page imageFilename="ID-ANRI_K66a_890_Register 68.jpg" imageWidth="3035" imageHeight="4524">
        <ReadingOrder>
            <OrderedGroup id="ro_1620456182767" caption="Regions reading order">
                <RegionRefIndexed index="0" regionRef="r1"/>
            </OrderedGroup>
        </ReadingOrder>
        <TextRegion orientation="0.0" id="r1" custom="readingOrder {index:0;}">
            <Coords points="27,0 27,4300 2960,4300 2960,0"/>
            <TextLine id="r1l1" custom="readingOrder {index:0;}">
                <Coords points="528,55 544,51 551,39 562,42 572,26 591,21 548,-139 481,-117"/>
                <Baseline points="534,9 567,0"/>
                <TextEquiv>
                    <Unicode></Unicode>
                </TextEquiv>
            </TextLine>
            <TextLine id="r1l2" custom="readingOrder {index:1;}">
                <Coords points="102,356 156,353 179,366 193,353 216,370 240,353 290,353 290,184 243,181 233,188 212,181 172,198 101,188"/>
                <Baseline points="120,324 145,320 170,320 196,320 221,321 246,321 272,321"/>
                <TextEquiv>
                    <Unicode>68</Unicode>
                </TextEquiv>
            </TextLine>
            <TextLine id="r1l3" custom="readingOrder {index:2;}">
                <Coords points="2755,351 2782,350 2785,346 2788,350 2792,346 2819,358 2839,357 2834,236 2817,237 2804,244 2790,232 2783,232 2767,246 2750,247"/>
                <Baseline points="2771,332 2820,330"/>
                <TextEquiv>
                    <Unicode></Unicode>
                </TextEquiv>
            </TextLine>
            <TextLine id="r1l4" custom="readingOrder {index:3;}">
                <Coords points="1319,459 1403,439 1465,481 1511,455 1788,476 1857,443 1921,448 1909,85 1837,67 1785,106 1693,85 1661,113 1543,118 1464,77 1306,86"/>
                <Baseline points="1334,419 1362,419 1391,419 1419,419 1448,419 1476,417 1505,417 1533,416 1562,416 1590,414 1619,413 1647,412 1676,411 1704,410 1733,408 1761,407 1790,405 1818,405 1847,403 1875,402 1904,401"/>
                <TextEquiv>
                    <Unicode>hee</Unicode>
                </TextEquiv>
            </TextLine>
            <TextLine id="r1l5" custom="readingOrder {index:4;}">
                <Coords points="37,646 2763,605 2761,501 2407,470 2196,544 2010,456 1728,534 1522,464 35,508"/>
                <Baseline points="53,624 187,620 322,614 456,609 591,606 725,603 860,600 994,597 1129,596 1263,594 1398,592 1533,591 1667,590 1802,588 1936,587 2071,585 2205,584 2340,581 2474,579 2609,576 2744,573"/>
                <TextEquiv>
                    <Unicode>20: d:o bengen 152 shicke: Eber, Item partij onbeduaenm metael Canon, en ondierstij</Unicode>
                </TextEquiv>
            </TextLine>
            <TextLine id="r1l6" custom="readingOrder {index:5;}">
                <Coords points="2226,728 2354,727 2466,658 2553,690 2597,673 2707,753 2797,748 2876,708 2960,707 2962,596 2837,577 2773,616 2679,587 2554,616 2511,581 2450,583 2332,639 2227,634"/>
                <Baseline points="2243,675 2278,674 2313,671 2348,671 2383,671 2418,671 2453,671 2488,672 2523,672 2558,674 2593,675 2628,677 2663,678 2698,678 2733,680 2768,681 2803,681 2838,681 2873,681 2908,680 2943,678"/>
                <TextEquiv>
                    <Unicode>- p.. fo: 499.</Unicode>
                </TextEquiv>
            </TextLine>
            <TextLine id="r1l7" custom="readingOrder {index:6;}">
                <Coords points="572,717 673,742 706,711 760,713 810,682 1036,715 1083,687 1127,710 1125,633 1088,623 1058,647 994,645 933,616 860,644 660,607 617,635 570,633"/>
                <Baseline points="587,695 613,692 639,692 665,690 691,689 717,687 743,687 770,686 796,686 822,684 848,684 874,684 900,684 926,684 953,683 979,683 1005,683 1031,684 1057,684 1083,684 1110,684"/>
                <TextEquiv>
                    <Unicode>scherp - - - - -</Unicode>
                </TextEquiv>
            </TextLine>
            <TextLine id="r1l8" custom="readingOrder {index:7;}">
                <Coords points="240,802 2727,805 2606,680 2128,739 1331,643 641,745 240,660"/>
                <Baseline points="258,786 380,785 503,783 625,783 748,783 871,782 993,782 1116,782 1239,782 1361,782 1484,782 1607,783 1729,783 1852,783 1975,785 2097,786 2220,786 2343,788 2465,789 2588,791 2711,792"/>
                <TextEquiv>
                    <Unicode>Huijghboej weder na bantam tesenden, om Infonnatie van den toeslant aan da hoff „</Unicode>
                </TextEquiv>
            </TextLine>
            <TextLine id="r1l9" custom="readingOrder {index:8;}">
                <Coords points="2655,935 2678,933 2693,938 2702,927 2726,935 2732,927 2749,926 2735,785 2711,787 2693,810 2683,807 2668,826 2645,831"/>
                <Baseline points="2666,878 2696,875 2726,872"/>
                <TextEquiv>
                    <Unicode>1</Unicode>
                </TextEquiv>
            </TextLine>
            <TextLine id="r1l10" custom="readingOrder {index:9;}">
                <Coords points="276,945 1121,874 1326,942 2154,924 2154,807 2066,800 276,801"/>
                <Baseline points="293,878 385,878 477,876 569,876 661,876 753,876 845,876 938,876 1030,876 1122,876 1214,876 1306,876 1398,876 1490,876 1583,876 1675,876 1767,876 1859,876 1951,876 2043,876 2136,876"/>
                <TextEquiv>
                    <Unicode>Partij darwe op bandam te doen Jnkoopen booseer te becomen zij</Unicode>
                </TextEquiv>
            </TextLine>
            <TextLine id="r1l11" custom="readingOrder {index:10;}">
                <Coords points="2347,880 2377,879 2402,856 2422,858 2424,817 2404,816 2380,835 2349,833"/>
                <Baseline points="2364,876 2403,878"/>
                <TextEquiv>
                    <Unicode></Unicode>
                </TextEquiv>
            </TextLine>
            <TextLine id="r1l12" custom="readingOrder {index:11;}">
                <Coords points="299,1030 2173,1054 2627,972 2937,1060 2936,878 298,936"/>
                <Baseline points="315,1005 445,1005 575,1005 705,1004 835,1001 966,999 1096,998 1226,995 1356,992 1486,990 1617,987 1747,986 1877,984 2007,983 2137,981 2267,981 2398,983 2528,984 2658,986 2788,990 2919,995"/>
                <TextEquiv>
                    <Unicode>over de besoghte fictorie In't beweeren van Cadierij, en 't opstaen van CpenaJaja  „ 495.</Unicode>
                </TextEquiv>
            </TextLine>
            <TextLine id="r1l13" custom="readingOrder {index:12;}">
                <Coords points="9,1050 43,1063 66,1053 140,1079 201,1068 228,1075 248,1055 278,1058 277,920 230,937 213,920 193,934 152,901 95,901 85,911 8,905"/>
                <Baseline points="27,1017 53,1015 79,1013 105,1013 131,1013 157,1013 183,1013 209,1013 235,1013 261,1014"/>
                <TextEquiv>
                    <Unicode>23: d:o</Unicode>
                </TextEquiv>
            </TextLine>
            <TextLine id="r1l14" custom="readingOrder {index:13;}">
                <Coords points="2613,1140 2653,1140 2659,1148 2673,1149 2698,1168 2715,1169 2725,1049 2702,1043 2691,1053 2681,1052 2675,1044 2655,1046 2647,1052 2621,1046"/>
                <Baseline points="2634,1100 2668,1103 2703,1106"/>
                <TextEquiv>
                    <Unicode>-„</Unicode>
                </TextEquiv>
            </TextLine>
            <TextLine id="r1l15" custom="readingOrder {index:14;}">
                <Coords points="291,1146 2330,1157 2603,1129 2636,1041 1004,1002 291,1079"/>
                <Baseline points="309,1119 424,1115 540,1113 655,1110 771,1109 886,1107 1002,1106 1117,1104 1233,1104 1348,1104 1464,1104 1579,1104 1695,1104 1810,1104 1926,1104 2041,1104 2157,1104 2272,1104 2388,1104 2503,1104 2619,1103"/>
                <TextEquiv>
                    <Unicode>een dankseggingh de laten doen, 't fanon affte branden; en vreugde bieren aen te steken</Unicode>
                </TextEquiv>
            </TextLine>
            <TextLine id="r1l16" custom="readingOrder {index:15;}">
                <Coords points="2704,1121 2721,1121 2728,1115 2735,1115 2744,1122 2758,1123 2764,1130 2775,1120 2792,1120 2793,1073 2763,1072 2743,1055 2730,1064 2706,1060"/>
                <Baseline points="2720,1107 2747,1106 2775,1109"/>
                <TextEquiv>
                    <Unicode></Unicode>
                </TextEquiv>
            </TextLine>
            <TextLine id="r1l17" custom="readingOrder {index:16;}">
                <Coords points="2371,1246 2428,1244 2466,1270 2512,1232 2569,1234 2609,1209 2754,1223 2805,1248 2865,1216 2902,1226 2901,1152 2850,1170 2826,1150 2790,1165 2746,1152 2706,1170 2516,1124 2429,1133 2369,1172"/>
                <Baseline points="2387,1223 2413,1219 2439,1217 2465,1215 2491,1214 2518,1212 2544,1212 2570,1211 2596,1211 2622,1211 2649,1211 2675,1211 2701,1210 2727,1209 2753,1209 2780,1209 2806,1209 2832,1207 2858,1205 2885,1203"/>
                <TextEquiv>
                    <Unicode>- - . „ —</Unicode>
                </TextEquiv>
            </TextLine>
            <TextLine id="r1l18" custom="readingOrder {index:17;}">
                <Coords points="246,1273 2110,1259 2261,1227 2261,1153 1294,1120 1160,1179 1025,1099 723,1180 507,1125 245,1178"/>
                <Baseline points="263,1227 362,1226 461,1223 560,1221 659,1220 758,1218 857,1217 956,1217 1055,1215 1154,1214 1253,1212 1352,1211 1451,1211 1550,1209 1649,1209 1748,1208 1847,1208 1946,1206 2045,1206 2144,1205 2243,1205"/>
                <TextEquiv>
                    <Unicode>omme te beter kennisse van onse Inlanders, en Javanen te hebben</Unicode>
                </TextEquiv>
            </TextLine>
            <TextLine id="r1l19" custom="readingOrder {index:18;}">
                <Coords points="282,1365 2492,1349 2640,1258 281,1237"/>
                <Baseline points="299,1325 415,1325 531,1325 647,1323 763,1323 879,1322 995,1322 1112,1320 1228,1320 1344,1319 1460,1319 1576,1317 1692,1317 1808,1317 1925,1316 2041,1316 2157,1316 2273,1317 2389,1317 2505,1317 2622,1319"/>
                <TextEquiv>
                    <Unicode>„salmen alle de Javaenze, balijze en bougis Inhabitanten op nieuw van Lootgens</Unicode>
                </TextEquiv>
            </TextLine>
            <TextLine id="r1l20" custom="readingOrder {index:19;}">
                <Coords points="2622,1418 2660,1421 2677,1430 2703,1412 2716,1412 2726,1405 2760,1404 2758,1347 2731,1348 2677,1329 2644,1360 2620,1358"/>
                <Baseline points="2639,1391 2665,1392 2691,1391 2717,1390 2744,1388"/>
                <TextEquiv>
                    <Unicode>„ —</Unicode>
                </TextEquiv>
            </TextLine>
            <TextLine id="r1l21" custom="readingOrder {index:20;}">
                <Coords points="584,1458 655,1465 692,1431 743,1444 773,1427 820,1447 897,1427 924,1447 951,1443 951,1369 931,1373 910,1353 833,1356 820,1343 739,1367 668,1340 635,1350 584,1337"/>
                <Baseline points="602,1418 627,1420 653,1421 678,1422 704,1422 730,1422 755,1422 781,1422 806,1422 832,1422 858,1421 883,1419 909,1419 935,1418"/>
                <TextEquiv>
                    <Unicode>doen Persien</Unicode>
                </TextEquiv>
            </TextLine>
            <TextLine id="r1l22" custom="readingOrder {index:21;}">
                <Coords points="947,1436 967,1437 988,1422 1046,1460 1071,1448 1090,1457 1101,1447 1141,1454 1148,1360 1125,1358 1087,1372 1058,1353 1020,1364 1010,1356 993,1362 977,1350 953,1352"/>
                <Baseline points="966,1418 992,1420 1019,1422 1045,1422 1072,1424 1098,1427 1125,1433"/>
                <TextEquiv>
                    <Unicode> . -</Unicode>
                </TextEquiv>
            </TextLine>
            <TextLine id="r1l23" custom="readingOrder {index:22;}">
                <Coords points="2612,1527 2663,1532 2687,1548 2707,1534 2731,1547 2761,1549 2781,1535 2824,1530 2821,1419 2774,1424 2764,1435 2750,1428 2744,1435 2680,1434 2659,1421 2639,1432 2609,1430"/>
                <Baseline points="2628,1515 2653,1508 2679,1501 2705,1497 2730,1497 2756,1499 2782,1503 2808,1509"/>
                <TextEquiv>
                    <Unicode></Unicode>
                </TextEquiv>
            </TextLine>
            <TextLine id="r1l24" custom="readingOrder {index:23;}">
                <Coords points="219,1572 2423,1561 2631,1531 2629,1376 2213,1459 2044,1370 1210,1482 217,1464"/>
                <Baseline points="236,1538 354,1536 473,1533 592,1532 711,1529 830,1526 949,1524 1067,1521 1186,1518 1305,1516 1424,1514 1543,1512 1662,1511 1781,1509 1899,1508 2018,1508 2137,1508 2256,1508 2375,1509 2494,1512 2613,1515"/>
                <TextEquiv>
                    <Unicode>„en een pertinente notitie daer van doen opnemen door de Lantdoosten, en Capiteijns</Unicode>
                </TextEquiv>
            </TextLine>
            <TextLine id="r1l25" custom="readingOrder {index:24;}">
                <Coords points="2639,1612 2656,1615 2661,1623 2673,1614 2709,1620 2721,1547 2704,1544 2690,1549 2650,1543"/>
                <Baseline points="2658,1595 2697,1601"/>
                <TextEquiv>
                    <Unicode>o„</Unicode>
                </TextEquiv>
            </TextLine>
            <TextLine id="r1l26" custom="readingOrder {index:25;}">
                <Coords points="535,1652 863,1692 1497,1608 1996,1649 1973,1518 1089,1580 977,1525 874,1581 758,1533 533,1547"/>
                <Baseline points="551,1622 622,1623 693,1623 764,1623 836,1623 907,1622 978,1620 1050,1617 1121,1616 1192,1613 1264,1610 1335,1608 1406,1606 1477,1604 1549,1602 1620,1601 1691,1601 1763,1601 1834,1601 1905,1602 1977,1605"/>
                <TextEquiv>
                    <Unicode>der buijten soelen net gecommitteerde schopenen</Unicode>
                </TextEquiv>
            </TextLine>
            <TextLine id="r1l27" custom="readingOrder {index:26;}">
                <Coords points="2642,1768 2689,1759 2726,1773 2770,1760 2810,1778 2875,1742 2915,1769 2958,1774 2961,1625 2897,1645 2779,1626 2708,1658 2691,1644 2644,1644"/>
                <Baseline points="2661,1716 2686,1717 2712,1718 2737,1719 2763,1721 2788,1722 2814,1722 2839,1722 2865,1722 2890,1722 2916,1721 2942,1719"/>
                <TextEquiv>
                    <Unicode>„ 496.</Unicode>
                </TextEquiv>
            </TextLine>
            <TextLine id="r1l28" custom="readingOrder {index:27;}">
                <Coords points="2399,1770 2418,1764 2423,1766 2447,1755 2407,1623 2391,1628 2375,1623 2355,1629"/>
                <Baseline points="2402,1727 2418,1722"/>
                <TextEquiv>
                    <Unicode></Unicode>
                </TextEquiv>
            </TextLine>
            <TextLine id="r1l29" custom="readingOrder {index:28;}">
                <Coords points="272,1834 493,1771 2317,1755 2314,1647 1975,1676 1862,1619 1760,1689 1570,1619 747,1711 591,1648 268,1673"/>
                <Baseline points="287,1760 387,1761 488,1761 588,1760 689,1757 790,1754 890,1751 991,1748 1092,1743 1192,1739 1293,1734 1394,1731 1494,1727 1595,1724 1696,1722 1796,1719 1897,1719 1998,1719 2098,1721 2199,1724 2300,1730"/>
                <TextEquiv>
                    <Unicode>de sheden van schepenen sal de stempen daer van bewaaren</Unicode>
                </TextEquiv>
            </TextLine>
            <TextLine id="r1l30" custom="readingOrder {index:29;}">
                <Coords points="61,1777 91,1784 108,1774 132,1791 162,1781 175,1792 196,1792 196,1701 179,1701 156,1717 136,1704 102,1714 89,1700 62,1696"/>
                <Baseline points="78,1766 103,1766 129,1766 154,1767 180,1766"/>
                <TextEquiv>
                    <Unicode></Unicode>
                </TextEquiv>
            </TextLine>
            <TextLine id="r1l31" custom="readingOrder {index:30;}">
                <Coords points="2182,1895 2236,1899 2247,1893 2282,1913 2323,1909 2331,1794 2190,1785"/>
                <Baseline points="2202,1850 2229,1848 2256,1849 2283,1853 2310,1856"/>
                <TextEquiv>
                    <Unicode></Unicode>
                </TextEquiv>
            </TextLine>
            <TextLine id="r1l32" custom="readingOrder {index:31;}">
                <Coords points="2629,1870 2675,1890 2737,1859 2805,1914 2867,1897 2940,1911 2947,1776 2869,1789 2843,1771 2802,1779 2766,1760 2708,1774 2689,1759 2664,1775 2634,1773"/>
                <Baseline points="2648,1853 2673,1851 2698,1850 2723,1850 2748,1851 2773,1852 2799,1854 2824,1856 2849,1859 2874,1861 2899,1862 2925,1865"/>
                <TextEquiv>
                    <Unicode>„ 48</Unicode>
                </TextEquiv>
            </TextLine>
            <TextLine id="r1l33" custom="readingOrder {index:32;}">
                <Coords points="30,1915 2190,1858 2188,1791 1901,1741 1596,1806 925,1761 789,1832 27,1800"/>
                <Baseline points="48,1898 154,1896 260,1893 366,1891 472,1889 578,1886 684,1883 791,1880 897,1877 1003,1875 1109,1872 1215,1869 1321,1868 1427,1864 1534,1862 1640,1859 1746,1857 1852,1854 1958,1852 2064,1850 2171,1847"/>
                <TextEquiv>
                    <Unicode>27: d:o ’t schip de blauwen sulck overmorgen na de Caep te laten voortgaen</Unicode>
                </TextEquiv>
            </TextLine>
            <TextLine id="r1l34" custom="readingOrder {index:33;}">
                <Coords points="297,2063 555,1996 2669,1994 2667,1890 2176,1859 295,1911"/>
                <Baseline points="314,1998 430,1995 547,1992 664,1990 781,1988 898,1985 1015,1983 1131,1982 1248,1980 1365,1978 1482,1977 1599,1976 1716,1974 1833,1973 1949,1973 2066,1971 2183,1971 2300,1971 2417,1970 2534,1970 2651,1970"/>
                <TextEquiv>
                    <Unicode>d’opperhooffden van ’t Huijs temeriwe hun te kortComende tijs van Coemandel</Unicode>
                </TextEquiv>
            </TextLine>
            <TextLine id="r1l35" custom="readingOrder {index:34;}">
                <Coords points="2627,2092 2644,2089 2658,2091 2665,2097 2675,2092 2682,2095 2708,2091 2692,1971 2666,1978 2662,1975 2650,1987 2632,1979 2612,1982"/>
                <Baseline points="2642,2069 2687,2063"/>
                <TextEquiv>
                    <Unicode>„</Unicode>
                </TextEquiv>
            </TextLine>
            <TextLine id="r1l36" custom="readingOrder {index:35;}">
                <Coords points="522,2118 930,2158 1406,2079 2315,2090 2313,1992 2010,1977 520,2003"/>
                <Baseline points="537,2091 625,2091 713,2090 801,2090 889,2088 977,2087 1065,2085 1153,2082 1241,2081 1329,2079 1417,2078 1505,2075 1593,2073 1681,2072 1769,2070 1857,2069 1945,2067 2033,2066 2121,2066 2209,2066 2298,2066"/>
                <TextEquiv>
                    <Unicode>bosen de s: pr P:o sijnde nogh 5½. pr L:o te laten betalen</Unicode>
                </TextEquiv>
            </TextLine>
            <TextLine id="r1l37" custom="readingOrder {index:36;}">
                <Coords points="308,2213 2657,2216 2571,2086 822,2151 306,2075"/>
                <Baseline points="324,2205 439,2202 555,2201 671,2198 787,2196 902,2193 1018,2191 1134,2189 1250,2186 1365,2183 1481,2181 1597,2179 1713,2177 1828,2175 1944,2174 2060,2172 2176,2172 2291,2171 2407,2171 2523,2172 2639,2172"/>
                <TextEquiv>
                    <Unicode>manorie van over, en te kort besende goederen bij de batavische packhuijsen</Unicode>
                </TextEquiv>
            </TextLine>
            <TextLine id="r1l38" custom="readingOrder {index:37;}">
                <Coords points="1647,2302 1684,2303 1699,2288 1724,2306 1806,2263 1855,2287 1915,2282 1909,2195 1879,2201 1813,2178 1754,2203 1719,2185 1678,2219 1641,2225"/>
                <Baseline points="1662,2270 1687,2267 1713,2265 1739,2262 1765,2261 1791,2258 1817,2256 1843,2255 1869,2253 1895,2255"/>
                <TextEquiv>
                    <Unicode></Unicode>
                </TextEquiv>
            </TextLine>
            <TextLine id="r1l39" custom="readingOrder {index:38;}">
                <Coords points="556,2338 642,2296 690,2322 783,2289 972,2301 1029,2282 1066,2302 1143,2273 1142,2236 1037,2195 893,2229 822,2214 779,2242 700,2210 552,2207"/>
                <Baseline points="570,2289 597,2289 625,2288 653,2288 681,2287 709,2286 737,2285 764,2284 792,2283 820,2282 848,2282 876,2280 904,2279 932,2279 959,2277 987,2277 1015,2277 1043,2277 1071,2277 1099,2277 1127,2279"/>
                <TextEquiv>
                    <Unicode>dit voorleden Iaer</Unicode>
                </TextEquiv>
            </TextLine>
            <TextLine id="r1l40" custom="readingOrder {index:39;}">
                <Coords points="2673,2395 2689,2391 2693,2394 2702,2385 2718,2382 2694,2267 2678,2270 2672,2275 2661,2273 2648,2276"/>
                <Baseline points="2679,2351 2694,2348"/>
                <TextEquiv>
                    <Unicode>„</Unicode>
                </TextEquiv>
            </TextLine>
            <TextLine id="r1l41" custom="readingOrder {index:40;}">
                <Coords points="2336,2385 2453,2420 2525,2377 2575,2384 2576,2263 2495,2289 2465,2268 2405,2271 2388,2281 2364,2257 2337,2257"/>
                <Baseline points="2352,2364 2377,2362 2403,2361 2429,2361 2455,2362 2480,2363 2506,2364 2532,2364 2558,2363"/>
                <TextEquiv>
                    <Unicode></Unicode>
                </TextEquiv>
            </TextLine>
            <TextLine id="r1l42" custom="readingOrder {index:41;}">
                <Coords points="324,2423 1956,2382 1954,2318 1537,2310 1370,2239 1123,2332 786,2285 468,2360 322,2305"/>
                <Baseline points="342,2397 421,2394 501,2391 581,2389 661,2387 740,2384 820,2382 900,2381 980,2379 1059,2376 1139,2375 1219,2373 1299,2372 1378,2370 1458,2369 1538,2368 1618,2367 1697,2366 1777,2364 1857,2363 1937,2361"/>
                <TextEquiv>
                    <Unicode>tegen malkanderen te laten veerffenen, en Liquideren</Unicode>
                </TextEquiv>
            </TextLine>
            <TextLine id="r1l43" custom="readingOrder {index:42;}">
                <Coords points="332,2498 2792,2527 2963,2461 2962,2364 331,2424"/>
                <Baseline points="348,2483 477,2481 607,2481 737,2480 867,2478 997,2477 1127,2475 1257,2474 1387,2472 1517,2471 1647,2469 1776,2468 1906,2467 2036,2466 2166,2465 2296,2465 2426,2465 2556,2465 2686,2466 2816,2466 2946,2468"/>
                <TextEquiv>
                    <Unicode>van 85. paer zjde koussen ao 1677. p:s d’alexander te kort off niet ontfange „ 498.</Unicode>
                </TextEquiv>
            </TextLine>
            <TextLine id="r1l44" custom="readingOrder {index:43;}">
                <Coords points="318,2619 1782,2559 2539,2623 2613,2616 2613,2518 317,2501"/>
                <Baseline points="335,2580 448,2580 561,2580 674,2579 787,2579 900,2576 1013,2574 1126,2573 1239,2570 1352,2568 1466,2567 1579,2565 1692,2564 1805,2562 1918,2562 2031,2562 2144,2562 2257,2564 2370,2565 2483,2568 2597,2571"/>
                <TextEquiv>
                    <Unicode>decamer van Zeelant persecte notificatie te geen, en d bedragen van dien op</Unicode>
                </TextEquiv>
            </TextLine>
            <TextLine id="r1l45" custom="readingOrder {index:44;}">
                <Coords points="2423,2712 2440,2712 2453,2705 2470,2705 2470,2591 2423,2594"/>
                <Baseline points="2439,2646 2454,2646"/>
                <TextEquiv>
                    <Unicode></Unicode>
                </TextEquiv>
            </TextLine>
            <TextLine id="r1l46" custom="readingOrder {index:45;}">
                <Coords points="2654,2688 2688,2688 2709,2666 2729,2664 2736,2657 2786,2659 2778,2572 2762,2573 2756,2581 2737,2565 2721,2570 2703,2555 2671,2544 2641,2551"/>
                <Baseline points="2667,2655 2692,2650 2718,2646 2743,2645 2769,2646"/>
                <TextEquiv>
                    <Unicode>„.</Unicode>
                </TextEquiv>
            </TextLine>
            <TextLine id="r1l47" custom="readingOrder {index:46;}">
                <Coords points="583,2680 1256,2657 1566,2722 1646,2664 2329,2671 2328,2594 1783,2558 1154,2621 582,2589"/>
                <Baseline points="600,2664 685,2664 771,2663 856,2663 942,2661 1028,2660 1113,2658 1199,2658 1285,2657 1370,2655 1456,2654 1542,2652 1627,2652 1713,2651 1799,2651 1884,2651 1970,2651 2056,2651 2141,2651 2227,2652 2313,2652"/>
                <TextEquiv>
                    <Unicode>de vaderlandze facturen weder ten laste tebrengen - - -</Unicode>
                </TextEquiv>
            </TextLine>
            <TextLine id="r1l48" custom="readingOrder {index:47;}">
                <Coords points="2649,2772 2740,2772 2791,2822 2831,2809 2976,2822 2975,2677 2885,2671 2824,2701 2794,2681 2760,2705 2726,2691 2693,2718 2649,2705"/>
                <Baseline points="2666,2759 2692,2760 2719,2762 2746,2763 2772,2765 2799,2765 2826,2766 2853,2766 2879,2765 2906,2763 2933,2759 2960,2754"/>
                <TextEquiv>
                    <Unicode>„ 499.</Unicode>
                </TextEquiv>
            </TextLine>
            <TextLine id="r1l49" custom="readingOrder {index:48;}">
                <Coords points="31,2833 1517,2754 2242,2828 2475,2696 1252,2658 688,2740 27,2672"/>
                <Baseline points="48,2808 168,2800 289,2793 409,2787 530,2782 650,2777 771,2772 891,2769 1012,2766 1132,2763 1253,2762 1374,2760 1494,2759 1615,2757 1735,2757 1856,2756 1976,2756 2097,2756 2217,2756 2338,2756 2459,2756"/>
                <TextEquiv>
                    <Unicode>28: d:o 't spianster met seker portugees scheepje uijt maccauw aengebragh —</Unicode>
                </TextEquiv>
            </TextLine>
            <TextLine id="r1l50" custom="readingOrder {index:49;}">
                <Coords points="2670,2874 2714,2872 2726,2860 2753,2857 2741,2767 2725,2769 2719,2776 2709,2778 2698,2772 2685,2781 2675,2775 2658,2777"/>
                <Baseline points="2685,2847 2733,2841"/>
                <TextEquiv>
                    <Unicode>„</Unicode>
                </TextEquiv>
            </TextLine>
            <TextLine id="r1l51" custom="readingOrder {index:50;}">
                <Coords points="326,2891 649,2878 754,2929 985,2864 1046,2903 1271,2851 1363,2900 1843,2866 1841,2779 324,2800"/>
                <Baseline points="342,2882 416,2880 490,2877 564,2875 639,2873 713,2870 787,2868 861,2865 936,2863 1010,2861 1084,2858 1158,2856 1233,2855 1307,2854 1381,2853 1455,2852 1530,2852 1604,2853 1678,2853 1752,2855 1827,2856"/>
                <TextEquiv>
                    <Unicode>Po: de Comp: aen tenemen tot 8. UE. 't Picol . .</Unicode>
                </TextEquiv>
            </TextLine>
            <TextLine id="r1l52" custom="readingOrder {index:51;}">
                <Coords points="367,3006 2484,2987 2483,2913 1961,2822 1349,2906 367,2895"/>
                <Baseline points="384,2981 488,2976 592,2972 696,2969 800,2966 904,2963 1008,2963 1112,2961 1216,2961 1320,2961 1425,2961 1529,2961 1633,2961 1737,2963 1841,2963 1945,2963 2049,2963 2153,2963 2257,2961 2361,2960 2466,2958"/>
                <TextEquiv>
                    <Unicode>ih dan vande ordiuarij thol tot / oE. 't p:r salblijve geexiiieert</Unicode>
                </TextEquiv>
            </TextLine>
            <TextLine id="r1l53" custom="readingOrder {index:52;}">
                <Coords points="2672,2985 2699,2985 2712,2995 2736,2995 2736,2907 2719,2907 2716,2911 2709,2907 2702,2911 2695,2911 2692,2907 2672,2907"/>
                <Baseline points="2688,2964 2718,2964"/>
                <TextEquiv>
                    <Unicode>„</Unicode>
                </TextEquiv>
            </TextLine>
            <TextLine id="r1l54" custom="readingOrder {index:53;}">
                <Coords points="342,3098 2647,3116 2646,3022 2367,2966 1950,3028 341,2977"/>
                <Baseline points="360,3090 473,3084 587,3077 700,3074 814,3069 927,3066 1041,3065 1154,3063 1268,3062 1381,3062 1495,3062 1608,3062 1722,3063 1835,3065 1949,3065 2062,3066 2176,3068 2289,3069 2403,3071 2516,3071 2630,3071"/>
                <TextEquiv>
                    <Unicode>d'operigegoederen van kleeli belangh sal hij aende gemeente deser sede mogen</Unicode>
                </TextEquiv>
            </TextLine>
            <TextLine id="r1l55" custom="readingOrder {index:54;}">
                <Coords points="626,3192 663,3180 676,3190 699,3176 757,3197 810,3175 855,3187 874,3170 915,3175 941,3164 940,3121 838,3104 807,3081 774,3082 724,3118 704,3101 623,3111"/>
                <Baseline points="642,3168 667,3167 693,3165 719,3165 745,3164 771,3164 796,3162 822,3162 848,3161 874,3160 900,3159 926,3158"/>
                <TextEquiv>
                    <Unicode>verkoopen</Unicode>
                </TextEquiv>
            </TextLine>
            <TextLine id="r1l56" custom="readingOrder {index:55;}">
                <Coords points="374,3323 2763,3272 2684,3182 2098,3133 632,3232 372,3141"/>
                <Baseline points="389,3282 506,3281 624,3279 742,3277 860,3275 978,3273 1096,3270 1214,3269 1332,3266 1450,3264 1568,3263 1685,3260 1803,3258 1921,3257 2039,3255 2157,3255 2275,3254 2393,3252 2511,3252 2629,3252 2747,3252"/>
                <TextEquiv>
                    <Unicode>met de aenstaende verpaghtinge van batavias Inkonisten voor den Jare 1679 „</Unicode>
                </TextEquiv>
            </TextLine>
            <TextLine id="r1l57" custom="readingOrder {index:56;}">
                <Coords points="383,3395 2715,3379 2653,3298 1990,3267 382,3318"/>
                <Baseline points="401,3383 515,3379 630,3377 745,3374 860,3372 974,3371 1089,3369 1204,3368 1319,3366 1433,3366 1548,3366 1663,3365 1778,3365 1892,3365 2007,3363 2122,3363 2237,3362 2351,3362 2466,3360 2581,3359 2696,3357"/>
                <TextEquiv>
                    <Unicode>is goetgevonden de paght van t Handelen aen de schepen, met verbot van ’t Copen</Unicode>
                </TextEquiv>
            </TextLine>
            <TextLine id="r1l58" custom="readingOrder {index:57;}">
                <Coords points="2641,3464 2688,3476 2715,3469 2729,3483 2746,3469 2763,3479 2776,3465 2796,3465 2874,3484 2894,3466 2914,3466 2912,3362 2882,3352 2835,3356 2805,3387 2775,3394 2751,3381 2717,3385 2704,3372 2640,3380"/>
                <Baseline points="2657,3449 2683,3449 2710,3449 2737,3449 2764,3447 2790,3447 2817,3446 2844,3446 2871,3446 2898,3447"/>
                <TextEquiv>
                    <Unicode>„ —</Unicode>
                </TextEquiv>
            </TextLine>
            <TextLine id="r1l59" custom="readingOrder {index:58;}">
                <Coords points="665,3498 2203,3488 2472,3452 2471,3378 664,3434"/>
                <Baseline points="683,3473 771,3470 860,3468 948,3467 1037,3465 1125,3465 1214,3464 1302,3464 1391,3465 1479,3465 1568,3465 1656,3465 1745,3465 1833,3465 1922,3464 2010,3464 2099,3461 2187,3458 2276,3455 2364,3452 2453,3446"/>
                <TextEquiv>
                    <Unicode>eeniger Lleeden, tbij goot off chene partijen te amplieren</Unicode>
                </TextEquiv>
            </TextLine>
            <TextLine id="r1l60" custom="readingOrder {index:59;}">
                <Coords points="392,3634 2469,3620 2973,3574 2971,3467 391,3557"/>
                <Baseline points="407,3608 534,3601 661,3596 789,3591 916,3587 1043,3582 1171,3579 1298,3577 1425,3575 1553,3573 1680,3572 1807,3570 1935,3569 2062,3567 2189,3566 2317,3564 2444,3563 2571,3560 2699,3558 2826,3555 2954,3552"/>
                <TextEquiv>
                    <Unicode>op de fequesten van verscheyde pagters deses Jaers mits gelede schade om affslagh . „ 500.</Unicode>
                </TextEquiv>
            </TextLine>
            <TextLine id="r1l61" custom="readingOrder {index:60;}">
                <Coords points="386,3731 1751,3675 1958,3745 2044,3679 2677,3682 2676,3622 384,3627"/>
                <Baseline points="401,3707 519,3704 638,3702 757,3699 876,3696 995,3693 1114,3690 1233,3687 1352,3684 1471,3681 1589,3680 1708,3677 1827,3674 1946,3672 2065,3669 2184,3668 2303,3665 2422,3663 2541,3662 2660,3660"/>
                <TextEquiv>
                    <Unicode>Is voor desemael nogh aen eenige gesondeerde als de vischuarct; kovenmolen</Unicode>
                </TextEquiv>
            </TextLine>
            <TextLine id="r1l62" custom="readingOrder {index:61;}">
                <Coords points="2598,3735 2615,3735 2621,3728 2628,3728 2631,3732 2648,3732 2648,3671 2631,3671 2625,3678 2598,3678"/>
                <Baseline points="2616,3731 2631,3731"/>
                <TextEquiv>
                    <Unicode></Unicode>
                </TextEquiv>
            </TextLine>
            <TextLine id="r1l63" custom="readingOrder {index:62;}">
                <Coords points="681,3828 1397,3775 2340,3815 2508,3785 2506,3684 679,3727"/>
                <Baseline points="696,3810 785,3802 875,3794 964,3789 1054,3784 1144,3779 1233,3777 1323,3774 1413,3773 1502,3773 1592,3771 1682,3771 1771,3771 1861,3771 1951,3771 2040,3771 2130,3770 2220,3770 2309,3768 2399,3765 2489,3762"/>
                <TextEquiv>
                    <Unicode>Jnkomende tuijckeren, 't handelen, aen de schepen, de Berbergiers</Unicode>
                </TextEquiv>
            </TextLine>
            <TextLine id="r1l64" custom="readingOrder {index:63;}">
                <Coords points="671,3920 1679,3847 2659,3897 2678,3765 670,3822"/>
                <Baseline points="687,3887 785,3882 884,3878 983,3875 1082,3872 1181,3869 1279,3866 1378,3864 1477,3863 1576,3861 1675,3860 1773,3860 1872,3858 1971,3858 2070,3858 2169,3858 2267,3860 2366,3860 2465,3860 2564,3861 2663,3861"/>
                <TextEquiv>
                    <Unicode>binnen de stade, en de Beibergiers buijten de stadt samen 1684 27</Unicode>
                </TextEquiv>
            </TextLine>
            <TextLine id="r1l65" custom="readingOrder {index:64;}">
                <Coords points="2669,3967 2703,3970 2723,3952 2756,3948 2784,3967 2872,3978 2928,3950 2923,3791 2820,3805 2768,3779 2716,3825 2665,3816"/>
                <Baseline points="2685,3924 2710,3921 2735,3919 2760,3917 2785,3917 2810,3917 2835,3917 2860,3917 2885,3915 2910,3915"/>
                <TextEquiv>
                    <Unicode>501</Unicode>
                </TextEquiv>
            </TextLine>
            <TextLine id="r1l66" custom="readingOrder {index:65;}">
                <Coords points="675,3990 1970,3972 2070,3946 2069,3889 1773,3905 1681,3847 1491,3912 1308,3868 673,3920"/>
                <Baseline points="692,3968 760,3968 828,3968 896,3967 964,3966 1032,3965 1100,3962 1168,3960 1236,3958 1304,3956 1372,3954 1440,3951 1508,3949 1576,3947 1644,3946 1712,3945 1780,3944 1848,3944 1916,3945 1984,3945 2052,3947"/>
                <TextEquiv>
                    <Unicode>aen affslagh in't denerail verleent . -</Unicode>
                </TextEquiv>
            </TextLine>
            <TextLine id="r1l67" custom="readingOrder {index:66;}">
                <Coords points="417,4129 2641,4076 2638,3968 1618,3945 890,4039 413,3954"/>
                <Baseline points="434,4103 543,4098 653,4092 762,4088 872,4083 981,4079 1091,4075 1200,4071 1310,4067 1419,4064 1529,4060 1638,4057 1748,4055 1857,4052 1967,4050 2076,4048 2186,4047 2295,4046 2405,4046 2514,4046 2624,4046"/>
                <TextEquiv>
                    <Unicode>maer de paghiers nu voor toekomende niet alleen te adsesteren, maer</Unicode>
                </TextEquiv>
            </TextLine>
            <TextLine id="r1l68" custom="readingOrder {index:67;}">
                <Coords points="670,4202 2417,4207 2628,4172 2626,4074 668,4125"/>
                <Baseline points="687,4188 783,4181 879,4176 975,4170 1071,4166 1167,4161 1263,4158 1359,4156 1455,4154 1551,4151 1648,4149 1744,4148 1840,4148 1936,4146 2032,4145 2128,4143 2224,4143 2320,4142 2416,4140 2512,4139 2609,4136"/>
                <TextEquiv>
                    <Unicode>oock te doen teekenen datze geen affslagh altoos meer nadesen sullen</Unicode>
                </TextEquiv>
            </TextLine>
            <TextLine id="r1l69" custom="readingOrder {index:68;}">
                <Coords points="2701,4303 2714,4293 2724,4294 2724,4289 2729,4290 2730,4285 2745,4273 2662,4167 2622,4203"/>
                <Baseline points="2678,4247 2693,4235"/>
                <TextEquiv>
                    <Unicode></Unicode>
                </TextEquiv>
            </TextLine>
            <TextLine id="r1l70" custom="readingOrder {index:69;}">
                <Coords points="681,4342 743,4299 851,4310 896,4342 988,4293 1067,4313 1175,4257 1422,4271 1418,4204 1276,4178 1136,4212 1056,4175 810,4235 674,4201"/>
                <Baseline points="695,4278 730,4278 765,4277 801,4274 836,4272 872,4271 907,4269 943,4266 978,4265 1014,4262 1049,4259 1084,4257 1120,4255 1155,4253 1191,4252 1226,4250 1262,4249 1297,4248 1333,4248 1368,4248 1404,4250"/>
                <TextEquiv>
                    <Unicode>vermogen te presenderen</Unicode>
                </TextEquiv>
            </TextLine>
            <TextEquiv>
                <Unicode>
68

hee
20: d:o bengen 152 shicke: Eber, Item partij onbeduaenm metael Canon, en ondierstij
- p.. fo: 499.
scherp - - - - -
Huijghboej weder na bantam tesenden, om Infonnatie van den toeslant aan da hoff „
1
Partij darwe op bandam te doen Jnkoopen booseer te becomen zij

over de besoghte fictorie In't beweeren van Cadierij, en 't opstaen van CpenaJaja  „ 495.
23: d:o
-„
een dankseggingh de laten doen, 't fanon affte branden; en vreugde bieren aen te steken

- - . „ —
omme te beter kennisse van onse Inlanders, en Javanen te hebben
„salmen alle de Javaenze, balijze en bougis Inhabitanten op nieuw van Lootgens
„ —
doen Persien
 . -

„en een pertinente notitie daer van doen opnemen door de Lantdoosten, en Capiteijns
o„
der buijten soelen net gecommitteerde schopenen
„ 496.

de sheden van schepenen sal de stempen daer van bewaaren


„ 48
27: d:o ’t schip de blauwen sulck overmorgen na de Caep te laten voortgaen
d’opperhooffden van ’t Huijs temeriwe hun te kortComende tijs van Coemandel
„
bosen de s: pr P:o sijnde nogh 5½. pr L:o te laten betalen
manorie van over, en te kort besende goederen bij de batavische packhuijsen

dit voorleden Iaer
„

tegen malkanderen te laten veerffenen, en Liquideren
van 85. paer zjde koussen ao 1677. p:s d’alexander te kort off niet ontfange „ 498.
decamer van Zeelant persecte notificatie te geen, en d bedragen van dien op

„.
de vaderlandze facturen weder ten laste tebrengen - - -
„ 499.
28: d:o 't spianster met seker portugees scheepje uijt maccauw aengebragh —
„
Po: de Comp: aen tenemen tot 8. UE. 't Picol . .
ih dan vande ordiuarij thol tot / oE. 't p:r salblijve geexiiieert
„
d'operigegoederen van kleeli belangh sal hij aende gemeente deser sede mogen
verkoopen
met de aenstaende verpaghtinge van batavias Inkonisten voor den Jare 1679 „
is goetgevonden de paght van t Handelen aen de schepen, met verbot van ’t Copen
„ —
eeniger Lleeden, tbij goot off chene partijen te amplieren
op de fequesten van verscheyde pagters deses Jaers mits gelede schade om affslagh . „ 500.
Is voor desemael nogh aen eenige gesondeerde als de vischuarct; kovenmolen

Jnkomende tuijckeren, 't handelen, aen de schepen, de Berbergiers
binnen de stade, en de Beibergiers buijten de stadt samen 1684 27
501
aen affslagh in't denerail verleent . -
maer de paghiers nu voor toekomende niet alleen te adsesteren, maer
oock te doen teekenen datze geen affslagh altoos meer nadesen sullen

vermogen te presenderen</Unicode>
            </TextEquiv>
        </TextRegion>
    </Page>
</PcGts>
