3030 4663
53 -13 235 165 274
103 134 350 336 274
2153 528 3047 821 Aeegustij 65
1631 753 1969 899 d
634 771 2808 1077 Smat nat kristann wn ns: ondert oopman
673 965 2835 1184 abraham te seder d=o assado van wingurla bner
648 1109 2766 1334 ontboden, znd: Croonensng op dmaord Laesteeden
661 1270 2857 1487 alleer aengelandt; Terteckende nadien sij den gereght
661 1388 2865 1643 wegens de saacken van sijn op ondbiedinge Contenmen
660 1479 2780 1723 gedaen Bejft, omme ondereen sapombeli o beterings
666 1626 2982 1872 wideromme als hoofd sedes na Catara nangussa
662 1796 2718 2046 te mogen vertricken, als altwaer bij doe lange Jangen
659 1928 2790 2194 Continugtie en Zwvarentheijt de omag: den mees
650 2075 2858 2346 dont verisijnt te sullen Connen pelrengen; Wadrog
638 2259 2909 2503 nae dolideratie, en de goede getuijgen sse die van sijn ersoon
639 2387 2676 2602 werde gegeven, verstaen zij, den selven, mits suijme
20 2421 655 2650 Maeken Teslonden
37 2612 609 2703 „coopman abzoluijt met
674 2523 2891 2761 tijds Exointie te advanceren tot de qualiteijt van absoluijt
28 2665 652 2786 40. gl. smaents, van p=m
19 2731 407 2887 Januarij 1677
638 2702 2972 2946 onderkoopman, met veerigh guldens der maent, sonder verband,
626 2821 2781 3032 en dat dese verbederinge sal aenvanck nemen, meehet
603 3028 2914 3230 begin des voorleden Jaers 1877., met verdere Jntendie
640 3146 2879 3386 van hem nu wederom naer mallabact de senden, om
7 3236 616 3411 om op Mallabaer, tanara
642 3304 2765 3529 aldaer, ’t zij tt Canam Wingursa, of Eeders den
10 3381 588 3530 off Wingurla te werden
15 3463 361 3596 Geemploijeert
618 3463 2720 3721 meesten dienste vande Eeneraele Compagnie
627 3610 1640 3825 geEmploijeert te werden
-9 3797 569 4019 Pasel den ng ee
617 3797 2903 4041 en Chinees tsoa tenglauw, pagitir vande daar, ofte
18 3942 624 4075 pagten d „ ds „ mits
10 3996 2890 4191 Geleden ede ffstant de waagh, al verscheijde maalen, geklaeght, en verthoont
17 4109 658 4245 Van die pagt temogen doen
2588 4199 2905 4321 hebbende
