3108 4633
-3 498 79 596 _
2872 -5 3053 165 195
2817 245 3028 425 95
228 518 2454 704 overlegh; ten meesten dienste vande generale Comp:
223 679 2494 838 jn dese constitutie van tijden ten hooghsten nootsaecklijck
2489 663 3053 815 d Hr. Anth:. Hinde
2494 801 3120 909 wert nodigh geeghe
234 784 2474 969 geaght, den E: Heer ordinarij raadt: Anthonio Hurdt
2461 853 3114 970 daer toe vrundelijken
2474 931 3048 1079 kpagtigh te vetoeke
243 916 2294 1043 uijt ons Collegie op de alden vrundelijckste, en
240 1028 2269 1211 kraghtigste maniere serienslijck te versoecken
145 1130 2412 1319 dat zijn E: sigh believe den last van dese, voor de
234 1248 2447 1430 Comp: eit gemeene beste, soo emportante Commissie
244 1381 2442 1576 niet te laten verveelen, maer genereuslijck te aen.
239 1507 2327 1687 vaerden, als in wiens beproefde qualiteijten, en
224 1629 2419 1819 ervarentheden wij ons gerust konnen stellen, gelijck
232 1746 2503 1926 de Heere Hurdt daer op dan oock betuygde sulx willigsl:
239 1881 2370 2064 te willen doen, en alle zijn vermogen, en kraghten
2353 1966 2418 2028 —
2445 1895 3050 2112 gn deede Commisse
238 1999 2456 2160 daer toe te sullen jnspanuen, als wanneer de andere
2471 2051 3073 2173 A Supentindert. d
2487 2135 3055 2243 Admirael op Javas
236 2127 2469 2263 heeren weder binnen komende, den heere sundt jndese
2480 2208 3026 2298 Oostcust dan rock
2487 2277 2940 2385 williglijk heeft
250 2239 2338 2420 Commissie als superjntendent, en Admirael na
2475 2347 2879 2484 aangenomen
260 2343 2405 2545 Jaavas Oostcusten, alle zegen voorspoet, en genoegen
199 2477 2469 2686 van den hemel toegewenscht is; net vaststellinge dat
238 2614 2363 2815 men, tot vigorense uijtvoeringe van dit ons dessain
2352 2714 2420 2771 —
225 2770 2395 2933 en de kerstellinge des Sousonhounangs, benevens
156 2851 2428 3062 de hier voor genoteerde aensienlijcke Crijgsmaght
2449 2870 3116 3065 verder beguine Wee
2457 3018 3025 3138 en sispoosten zijn E
237 3002 2406 3168 zijn EE: oock sodanige Capabele hooft officieren
2467 3088 2858 3233 bij te Vorgen
240 3090 2484 3302 onverdere suppoosten, tot adsistentie zal bijvoegen
240 3227 2423 3397 alsmen tesamen zal oirbaer, en dienstigh, oordelen
246 3359 2225 3535 gelijck oock den E: zurdts, nodige te rugge
2437 3366 3029 3558 O H: Hurts te High
2459 3515 3059 3624 Copts En uijtvoeringe
236 3488 2339 3659 komste en presentie, jn ons Collegie alhier soo
2478 3581 3121 3669 van 't Weik t eenemael
2475 3651 3119 3750 aen zijn E: enden Bast
218 3601 2425 3781 haeft sal werden verwaght, als het naar 't beloop
2477 3716 2862 3857 de begereren
236 3721 2526 3901 van saecken, en zijn E: eijgen bevindinge eeniger
255 3849 2364 4027 maten sal bij te brengen wesen, en waer toe wij
246 3933 2430 4128 't voornemen, ende uijtvoeringe van het werck ginder
243 4064 2447 4245 t' eenemael, onbepaelt, aen gemelte zijn EE: ende
2201 4232 2473 4408 des
