3169 4670
2878 -3 3068 189 40
2788 166 3076 363 483
1537 526 2491 684 deren matjons ons Come
453 536 966 702 de langeuijt
1161 660 1700 787 : en boeligne
2071 750 2562 888 lae odiste
671 769 1538 914 nan in n berens
520 875 2426 976 deerbort ualitar ia in de batavize vlegotie bocken voor
683 949 1101 1079 oane ge
774 1052 1342 1166 amer inslein
848 1150 2490 1259 en aeverrenten zn vonondenkonen van
879 1220 2435 1379 de donas intlieve ondernd dn en sol de bidinang
949 1316 1983 1446 en half perent doe naent oor
1334 1405 2509 1568 de eno mende ompag goot de
2442 1527 2524 1623 dn
984 1505 2213 1652 voorn: fleuijt geliguigert sullentden
850 1590 2192 1721 amedd als dder dan haad dj affie
672 1694 1902 1866 compeienen nden het mindermogtde d
745 1804 2033 1934 ongeordaneerdd aer op de scq: van
2291 1751 2508 1950 dn
683 1913 2345 2054 aen onder sans Batavia 10: desemeere e:o 10
989 2013 1545 2150 o Btermat
669 2187 2577 2432 getseken desende van bet ommimes en
297 2333 2548 2549 gemocken de wegen bunen deer s hoedd: en mente
2586 2400 3083 2591 Heeren schepenen
302 2434 2553 2674 bovenlandens boo ts de het voorstee van d Boertrsijdon
2586 2545 3150 2666 Griglfitier tot het
2609 2613 3141 2753 affgeren van bilje
559 2584 2514 2790 dolman genigenert Barenbchoveren te
285 2766 2586 2901 qualisiceren, ommet doe afficeren det naorvolgen.
418 2878 3143 3033 a g deserstelde, det oebrengenge Tapphenging allie
2578 2964 3114 3085 Gront en Eafbreeten
2601 3041 3106 3149 derlanden binnen
312 2979 2492 3201 aleet geonterst: en denambrieden allen hoven, en
2628 3114 3117 3243 en buijten dese stadt
304 3113 2502 3336 landemen delaigndie sij een ij gejck werden geogssiroon
316 3250 2547 3483 omme datrie dan sonder groete drswatmisse te doen
2584 3375 3156 3539 om daer uijt dan te
310 3455 2163 3603 opbienen en te vinnen een algomeentons
2593 3500 3157 3606 inden een algemeen
2589 3567 3181 3698 fons tot bemekinge
303 3574 2496 3725 opmackinge bequaming en onersoudinge led
2605 3639 3137 3741 en onderhoudinge —
2609 3701 3182 3860 aller wegen bruggen
320 3670 2466 3859 gden  Boerenwogen, en tgene daet Eerdendde
307 3805 2570 4037 nodigt zj, tet mit, en geinft van’t gemaeneos te
2308 4004 2565 4151 onder
