3081 4409
4 586 56 695 1
145 289 2370 600 Nrijdagh 21:e Januarij 1678:
195 786 2421 991 tselet zijnde op het groot gesal schups officieren
174 943 2432 1095 die doorgaens ja: somtijte gesteele Iaeren, buyten
195 1057 2457 1281 actueel emploij, ende dienvolgende tot een last van
184 1190 2467 1410 d' E:o Comp:e zijn, soo is ten hoogsten nodigh geaght
196 1319 2482 1522 ende oock eenparighlyck vastgestel dat voortaen geen
205 1436 2450 1633 personen, tot schippers stuurlieden ofte andere quali„
193 1541 2417 1765 beijten sasselve niet tot quartier meesters ende dier
2437 1571 3057 1753 Seen scheeps officieven
2434 1713 3007 1809 mieste vorderen, soo
195 1699 2345 1853 gelijcke, sullen mogen worden gepordert: soo lange
2412 1770 2997 1882 lange er nogh andere
2427 1846 3054 1960 sodanige sonder Emploij
203 1835 2417 2003 als 'er nogh van sodanigen qualiteijt sonder emploij, en
2444 1921 2595 2037 zijn
185 1931 2439 2111 die tot het waernemen, van deselve facaute bedie„
181 2100 2411 2261 ningen bequaem zijn. zullende wijders bock al„
2400 2076 3070 2269 Ordre Ook Allemme te
190 2199 2397 2334 omme werden geordonneert d’E: Comp:s te ollasten
2422 2242 3058 2331 Stellen om alle Onnutte
2417 2304 3060 2398 en Onbequame dienaren
186 2305 2372 2467 van alle sodanige als bevonden sullen werden te
2410 2379 2888 2493 aff te bancken
190 2420 2519 2604 zijn ount ende onbequaem tot het waernemen van
185 2535 2502 2753 haer dienst ’t zij den deportement, buyten dienst stelling
199 2676 2427 2893 verminderingh van qualiteijt, versendingh na ’t vader„
179 2801 2458 2971 handt ofte sodanigs als na gelegentheyt van tijt en
178 2952 2029 3120 saecken zal bevonden worden te behoren
172 3050 3013 3298 de Br. ouverneur generael heeft nu in zengadering voeklariige vande
2442 3241 3022 3343 Hinte Gestalte van't
173 3228 2962 3458 gebraght een verklaringh van gecommitteerde nopende affgevaaren zoghe
89 3329 2838 3540 degestalte van het Saght: (Huijsenburgh Luijdende P Jnblagh
184 3457 1588 3640 van woort tot woort als volght
209 3611 2460 3823 Wij Cntergesz Fetardre van den Ed:e Heer Gouver1:
184 3789 2440 3953 Beracl van Jndia Rijckloff van goens: gecommitteert zijnde om
191 3883 2386 4061 bet sagst Huijsenburgen, te visiteren, ofte het nogh bequae
82 3993 2368 4132 soude mogen zijn om eenige timneragie daer aen te doen zolf
16 4045 2474 4235 hebben wij de verdubbelingh meestendeel alsoo gansch verrot spart
2910 -6 3019 169 19
