3165 4639
43 147 93 272 1
2916 12 3106 178 307
2821 149 3113 354 207
7 365 105 555 4
196 460 753 643 1. packer
39 566 1969 770 12pions. daer tonder den tot hoost „ . . „
2 732 100 835 „
245 789 2466 983 Hoodanigs daer gemeent wert, den dienst vande Comp:e
48 831 162 1019 1.
2445 808 3127 998 Eer alle de overige die
2486 970 3088 1069 bestlomien zijn, te
251 946 2475 1090 genoegsgem na behoren zal koomen werden waerge„
2496 1037 3133 1179 laten herwaerts komen
254 1072 2381 1221 noten /lateade wijders alle, de overige suppoosten
260 1163 2512 1344 soo kleen als groot die vande minste hoope, en best
261 1256 2481 1433 te missen zijn, alten eersten na herwaerts, ofte naer
269 1385 3153 1566 Ceijlon, over komen, ende onder die oock met namen standentoopnm: de sager
2449 1526 3138 1643 ondercoopman dasembapot
253 1522 1750 1708 den Coopman S: Ferbert de Iager
2433 1590 3142 1751 en adsic:t Druno Cauhier
242 1660 1793 1820 den ondercoopman Jan Casembroot.
232 1777 1807 1954 en den adsistent Brimo Caulier.
271 1910 2444 2128 Berangende nu de velle verschandingen die jnde
246 2112 2370 2272 voor naemste bedieningen ter Custe &:o voorleden
246 2210 2449 2395 zijn voorgevallen, ende waert op onse finale dispositie
239 2352 2553 2489 jongst nogh jn statu, en uijtgestelt is gebleven, derwegen
238 2420 3124 2614 nader gedeliber eert wesende, is verstaen den E: dE: Willan Caels Hartsunke
2450 2555 3057 2674 Abzoluit stande Van
244 2544 2879 2700 WWillen Careles Hart zinck, althans opperhooft ten Cormandel
238 2680 2509 2840 Comptoire Casulipatnam, ende de naeste jnrangs
223 2773 2543 2981 aenden Gouverneur, te bevestigen tot absoeut tweede
242 2895 2445 3098 persoon, van't Cormandelse gouvernement. maer
234 3010 2222 3220 dat hij als nu om redenen daer toe zijnde, sonder
223 3123 3059 3348 consequentie: voor toekomende, en onverminder t hogk sal des kietten, in
2465 3246 3110 3339 als Twelde ter adsistentie
225 3279 3082 3455 dezelve rangs zijn residentie zal nemen, als tweede ander Gouv:r Caulier op
2477 3368 3041 3500 Paliatatta Msidere
219 3408 2483 3560 bij, en ter adsistentie vanden Hr. Gouverneur Saques
209 3506 1350 3674 Caulier, op paleacatta
344 3662 2461 3909 en oppercoopman Hendrick van outhoorn, laest vande
226 3858 3127 3968 voorsz: Cust opgekomen, en ernstigh versoeckende der Hendrik van Outhoon
2438 3943 3043 4054 na Cormanddl
214 3934 3079 4126 weder jn emploij tis mogen derwaerts gaen, wert mits„ gaen als opperhooft
205 4057 2919 4196 zijn lange continuatie, en Ervarentheijt aldaer p Masulipatnam
2178 4203 2427 4359 sulx
