3024 4749
75 24 309 163 208.
101 184 323 350 208
68 1049 617 1221 den Coomen Liter
57 1184 628 1291 Modiemaker tweede
81 1257 638 1384 Op Masulipatnam
39 1324 688 1445 en Joan: Husman weder
64 1412 674 1518 fiscael en munsmeester
50 1471 613 1577 tot Paliacatto
66 1743 622 1900 Jacob Corbusier, off
61 1857 662 1962 anders Corn: mersman
64 1935 685 2071 Opperhooft tot Dattcuron
53 2182 680 2364 den bnde koopn direk
62 2314 654 2458 Vonck hooft op nagele„
56 2395 307 2502 „ Wanse
47 2999 644 3168 sinmant sal, Schoon
61 3138 575 3230 tjts Expratie Om
14 3181 611 3302 Verbeteringh mogen
523 3265 589 3337 —
46 3256 550 3371 spreken, ten zij in
52 3330 655 3469 Hoger: Auploij gptreedt
26 3839 647 4001 n die brdris Drasts
38 3960 547 4096 te doen agter volgen
698 506 2915 740 sulcx geaccordeert, omme voor present te bekleden.
661 666 2974 832 het opperhooftschap, tot makulipatnam, jn plaets vande
716 763 2952 956 D:o sant zinck, ende naer wien sij dan oock in rangs
663 873 1211 1046 Zae volgen.
714 1033 2934 1234 en tot mede hooft, ende gecunde aldaer bij sig:s hebben
685 1183 3010 1363 den Coopman Pieter Moutmaker latende deeu Coopman
728 1296 2920 1460 oannes Buysman weder na palleacatta, keeren
692 1393 2831 1596 en zijn vorige, fumtie van fiscael, ende opsight over
681 1526 1667 1708 de munt waernemen.
809 1688 2900 1902 oo zal oock den Coopman Jacob Chrbulier, ofte
689 1857 2944 2022 bij mancquement van genoeghsante bequaemelijt, vanden
661 1962 2883 2162 selven, den Coopman Cornelis WEersman, als opperhooft
673 2072 2872 2257 ten Comptoire Daatcheron werden gebruyckt jn
693 2207 2876 2373 plaetse vanden ondercoopman Dirck Donck, die dan
685 2352 2914 2536 wederom, die bedienings ten Comptoire tagelwanse
650 2427 1644 2619 zal moeten bekleden.
689 2659 2968 2860 blijvende voorts de residenten der andere Comptoiren
637 2819 2943 2972 soose, nu zijn) buijten veranderinge en wijders oock vast
682 2889 2801 3033 gestelt dat niemandt jnde voorschreve gestipuleerde
663 3002 2969 3164 besdieningen, al schoon oock zijn verbonden tijt moghte:
684 3126 2921 3285 wesen geexpireert, om vermeerderingh van qualiteijt
666 3237 2987 3401 offe gagie sal vermogen spreecken, ten zij hij alvorens
674 3335 2940 3488 jn een Joger emploij kome op te treeden, en waer toe
678 3465 2927 3608 dan oock door gadns, de ervarentst. getrouwste En
661 3602 2919 3752 bequaemste sonder aensien van personen moeten.
672 3663 1519 3842 werden gebruijckt.
714 3790 2763 3977 Welck voorstaende regheement, en ordre dan
681 3916 2904 4102 dock preciselijck zal, moeten werden aghter volght
675 4052 2775 4214 sonder dat er jnde vastgestelde verminderingh, en ’t
669 4174 2909 4325 gestipuleerde getal van suppoosten, eenige jnfractie zaele
689 4246 1451 4416 werden gedooght..
2485 4313 2813 4511 gelyck
