3166 4686
2680 72 2809 275 2
888 333 1714 580 Migustij
23 543 2567 751 12: d:o de samje Connnip dienaren ujt twia hier gekomen wijder met
2616 630 2995 797 N: 264.
495 705 2104 829 Comp:s schepen passagie naer Huijs toegestaeij:
291 796 2529 950 ejoden Louinck guijt te schelden 2000. d/a voorthaght van gem: sijn dienaien
529 871 1851 1044 ujt souratta in teecqs. gesracht . . .
118 937 2882 1110 maer hem het doen van sodanige besendingen van sijn volck aff te saaden . . . . „ —
295 1108 2720 1258 met aenbiedinge hem van alle geeijschte goederen te sullen laaten versorgen - - - - - - „
2664 1187 2972 1334 „ 265.
318 1199 2179 1368 6000. sp: Headen naer andragiesij te senden - - - - - - - - - - - - -
304 1332 2802 1462 en oock een brieffje aenden Coninck aldaer . . . . . . . . . . . . . . . . . . . . . . . „ —
312 1406 2774 1575 geen borgervaert op Andragierij, te gedogen . . . . . . . . . . . . . . . . . . . . . . . . . . . . . „
297 1511 2806 1676 en sulx van andresiende Negotianten bij dien Comminede te Cenderen . . . . . . „ —
57 1581 231 1715 2..
332 1624 2821 1766 maer die met Engels. off deenzetasfen, balmen moeten gedogen . . . . . - - . . - . „ —
2412 1743 2777 1876 „
319 1733 1576 1885 en soo oock voor als nogh de bantamners.
291 1803 2601 1996 den niouwen Iambijzen tesident Joan van Heden empassant met de batavire
2011 1951 2125 2078 5
589 1933 1752 2086 Coopman te laten derwaerts gaen.
2519 1999 2979 2175 . . . „ 266.
317 2003 2244 2191 het opperhooft saloortaen daerselve de negotie boeken, houden - - . .
293 2125 2694 2268 en alles met Communicatie vanden tweede, en derde moeten versichten - - - - . . . . . .
320 2240 2765 2378 geen schulden daer meer temaeken, dan op eijgen fisico der tesidenten - - . . . . . . . . „
2146 2335 2823 2464 - –-
1425 2330 1973 2459 – – – – – - - - - -
151 2278 1219 2497 d’ oude schulden te znnen - - - -
315 2408 2872 2612 de Hesdent op Jambij 10. en den 2:e en 3:e 4. kannen Wijn 'smaents toegeleijte . . . . . „ —
328 2534 2659 2733 tinde pelaccaten tot uijtroeijinge van allen Handel buijten de Comp: gedmaneert.
11 2550 352 2758 —
2643 2614 2842 2751 - „
692 2644 2305 2754 en Alhier te Publiceren - - - - - - - - - - - - - - - . . .
336 2732 2994 2873 't spiaulter van de borgerij in de stadt, alle voor de Comp: overte nemen tot 8:. p: tp: - - „ 270.
341 2816 2807 3017 off anders 'tselve te licentienen tot uijt voer na Javas Oost cus t n - - - . . . . „
342 2959 1661 3136 maer niet nabantalij Off Elders om de we
340 3076 2756 3219 ffilaer Jan’t advis van onsen Resident Laaff tot bantam wegens ’t gepasseerde
1617 3167 2259 3324 ......
647 3176 1562 3326 met den ouden Coninck - - . .
348 3261 3013 3425 Translaet missivr des onden Lithans van bantamaen haer Ed:s . . . . . . . . . „ 271.
167 3281 261 3436 —
201 3368 2695 3531 en een antwoortbrieffje tot nader verklaringe van onse goede Intentie aen gemelten
2019 3433 3031 3658 . - - - - - - - - . . . . . . „ 272.
635 3510 1470 3650 Zulthanbantam daer op . .
106 3608 3040 3796 16: d:o Abraham tefeber onderCoopman Abzoluit met 40. f:. smaants van pm anuarij 1697. „ 274.
335 3701 2830 3881 om op Mallabaer Lanara, off Wingurla te werden geemploieert . - -
372 3815 2665 4014 versoek van Terglauw. Paghter den daets, en mits gelede schade 4„s fandt
656 3950 1615 4109 van die paght te mogen doen
1655 4030 3007 4246 n des Jaers ten Vollen betalen - „ 271.
349 4000 1712 4273 sen sae om gesondeerde tedenen de eerste
