3066 4486
2681 35 2945 244 67
921 97 1693 493 Han ijdert
14 406 2437 622 15 d:o oin fadia palacca met sijn suits vot te sussenteren, is verstaan hem
2536 470 2887 687 1 l:
560 585 1611 729 voor aff 1000. lE. teverstiecken
2596 643 2743 770 „
100 685 1817 831 netens Eijgelasten tijs, en ondere behoeften - - - -
2582 758 2688 898 e
57 822 150 895 —
243 745 2269 908 en soo mede aen Crain bissee met sijn Esckbomma Van 400: 1p.
253 875 2746 1032 hilende na desen op hun nodigh vast onderhout nader werden gedelibeeden - - - - „ —
161 963 2563 1135 = te meer dat Volck ons in dese twubleise tijt op Java, als met bantam seer Ue
2585 1042 2656 1154 „
560 1075 1476 1204 inde hant bal Comen . . . -
2566 1141 2911 1312 „ 436.
248 1129 2285 1336 en daerom hun goede genegentheijt t onswaerts alzints gehoesteijt diere
233 1273 2337 1446 Ciain bissic:s oock als Hooft van Comp:s wegen over alle de hier presente
1861 1401 1985 1494 5
524 1390 1620 1551 Maccassaren te autboiseren.
229 1477 2343 1644 en hunden eede van troupe aen de Comp: en gem: Dissee tedoen affleggen.
234 1597 1507 1739 omse als dan te emploijeren daer ’t vereijsche
245 1720 2553 1882 Juff:. Elisabet Pels Wed: van Abraham Wijs topudium en aftstant des boedels
7 1710 216 1863 18. d:o
2314 1740 2940 1950 „ 437.
594 1810 1243 1943 toeges Caen - - - -
122 1899 1550 2116 t Met Committimus aen Heeren schepenen
203 1991 2690 2196 esumptie van ’t proces tegen monica ditmars over ’t affdrijven van habotrughh- „
265 2114 2513 2278 en is diesententie vande ladt van Justitie bij meerderheijt van stemmen—
2605 2144 2924 2345 „ 438:
611 2254 1429 2392 vande doot gemitiget
189 2387 2684 2536 en de belinquante in plaeis vandien voor 3: Jadr n't vrouwen tuchthuijs gebannen:„
261 2480 2282 2656 Om datter geen zalpeter met de schepen uijt bengale is overgekomen
149 2592 2565 2728 7bo be preente constitutie van tijden geresolveert tot onse sicuntijt 200l: l
600 2691 2231 2873 salpeter uijt de fotourschepen weder aen hant telighten
24 2804 2539 2966 —om ons soeven, en d’oosterprointien in geen verlegentheijt van ’t nodige bruskhuijt
2611 2909 2911 3086 „ 4.39
631 2944 1058 3082 tebrengen
255 3021 2521 3235 Jacotta flatinne bart abram VlijC: in plaets van baniissenee nae
514 3129 2516 3310 Mauritins, om todenen is saeg ten Javaije der crediteuren van
2606 3207 2693 3375 „
577 3254 1903 3421 dien boedel hier te laten verkoopen - - - -
11 3323 2514 3569 „ris niet uijt de hettingh sal werden gelargert voor't eijnde vast bannissemen
2698 3465 2930 3607 440:
229 3481 2316 3686 :op d’ ontfange tijdingen uijt het leger onder VH: suijt Voor Cadieij.
6 3527 247 3722 a19: d:o
305 3587 2143 3793 en huj versoek om nader adsistentie van Volck en nogelijckheden
282 3745 1741 3930 sten tot het vanget Van d B: Buit - - - - -
281 3800 2609 4050 ts goetgesonden na ons uijtterste vermogen nogh derwaerts aff testeken 300.
2795 3893 2914 4054 41
571 3979 1292 4136 nederlandze militairen
289 4041 1954 4261 onder 't gebidt van d’ Emajoor Bhristiasu poleman
