3056 4542
2 19 177 176 160.
82 232 290 433 160
794 256 2757 648 Vijdagh 1:r Junius 1630..
675 979 2918 1182 Bij een briefken van den 10:e taij uijt Iambij op 13:e.
502 1139 2707 1277 deser over Bantam, verstendight zijnde, dat den
612 1249 2662 1423 Coopman en resident gerrit pots; den 30e: April
526 1345 2833 1519 aldaer was overleden sonder alvorens aen sijn bij
604 1478 2862 1654 hebbende suppoosten, eenige kennisse ofte openingh
624 1610 2889 1725 van Comp:s middelen, en saecken te hebben gedaen
629 1716 2996 1874 en die den omslags vande Comp:e dan oock bij opnenuiinge
613 1804 2777 1974 al vrij belommert hadden gevonden; soo is om dat
613 1919 2868 2075 suspecte werck, eens van deegen te ondersoecken
610 2020 3021 2211 en tot satistactie der Heeren meestens, goet gevonden
29 2165 603 2302 den Coopman Jan
638 2164 2870 2303 den Coopman Jan van Leene althans jn Commisse
32 2265 543 2379 Van Leenen van
636 2289 2849 2427 naer Palmbangh, met eenen te committeren, tot t
45 2334 583 2435 Walembangh oock 'te
62 2406 552 2500 Coumutteren totte
35 2415 2725 2572 Vitte als Commissive Commissaris na Jambij, omme deboecken effecten, en
389 2542 454 2631 —
46 2524 419 2673 Op Jamoij
533 2479 2886 2654 debiteuren &:r vande Comp:s eens exactelijck na teken
629 2614 2917 2762 en te confronteren, ende alles jn goede ordre te stellen
628 2740 2749 2861 ten eijnde d'E Compte: namaels geen banqueroetten
636 2831 2877 3000 off moeijte magh subject wesen, ende om na verrigster
629 2912 2971 3111 saecken, van ginder weder tekeren, naer Palembangh
651 3073 2856 3196 tot over voer van welcke ordre, dan op morgen
633 3185 2896 3321 zal werden afgeschickt, de Chaloup d'orangje boom
14 3166 632 3341 En daer toede M: Coup
52 3312 640 3402 d' Orangie boom derwaert
640 3283 2922 3455 niet verderse advertentie na Iambij, dat wij jn
56 3382 348 3499 tesenden
632 3422 2895 3575 korten een nieuw hooft sullen derwaerts bestellen
643 3521 2936 3663 en d’ administratie ginder soo lange bij d'adsistentej
655 3634 2941 3806 dirck Wleur, en Adam Westerman, moet waer ge„
638 3758 1520 3899 nomen werden. &:a
40 3854 2776 4057 de sjten den mets uijn en coinees Cengscauw, paghter vande Daats
25 4056 568 4150 2n Suscheanoe tot
659 4041 2719 4173 en van ’t opdragen der pepersacken, bij requeste
65 4094 710 4206 betrringe zijne Zagtpern:
2517 4142 2736 4242 ver
59 4165 434 4292 placcordeert
2937 1201 3048 1381 13
