3076 4548
2 69 155 220 56:
111 200 270 405 36
581 328 2435 743 Donderdagh 10en Mart
2466 470 2860 732 1678.
1360 680 2341 867 Extraord: Vergaderingh.
617 1066 2932 1266 Heden van Bantam een briefjen ontfangen zijnde.
591 1224 2819 1375 op gisteren gedateert, waer bij den Coopman Jacob van
568 1356 2725 1491 Dijck, ende den resident Willem Caeff ons bekent
606 1440 2715 1609 maecken hoe den ouden Sulthan, ende die van de
603 1614 2876 1780 regeringe aldaer voornemens waeren, en vastgestelt
609 1690 2657 1833 hadden, door maght van wapenen, en volck, onder
614 1815 2833 1970 haere gehoorsaemheijt te doen buijgen, den gouverneur
43 1857 632 1985 Op de tijdinge Van Bantam
57 1952 630 2038 dat zij die van Samadang
615 1927 2718 2075 ende de ingesetenen van Samadangs, ende tot dien
58 2009 642 2099 onder haer gehoorsaemheijt
629 2066 2732 2179 eijnde derwaerts afte senden; een getal van 2000:
70 2067 525 2206 willen doen buijgen
609 2130 2827 2308 koppen, de helft ter zee, ende de helft te lande over
601 2262 2822 2417 ’s Compagnies bodem, ende de jurisdictie van Jaccatra: soo
605 2382 2837 2538 is daer op serieuslijck gedlibereert, en eenparigslijck
622 2508 2787 2637 goet gevonden, den gem: Coopman van Dijck, ende
632 2611 2779 2722 den resident Caaff, bij aft zendene missives aen te
78 2657 588 2812 Oooeta don den doo
623 2668 2662 2865 schrijven, ende te ordonneren, dat zij den Jongen
107 2765 639 2864 onse Residenten te ten
95 2840 569 2924 protesteren dat die
619 2798 2851 2994 sulthan, aen wien eenigen tijt geleden, de regeringh
103 2892 558 2976 luijden onder onse
105 2944 569 3024 besfhermingh z:
630 2934 2889 3118 tot Bantam, opgedragen zij, als mede de vordere
93 2974 596 3081 altgenomen voor den
121 3064 612 3164 Sousouhounangh
612 3067 2714 3183 grooten aldaer bij forme van waerschouwinge
611 3139 2842 3297 sullen aenseggen, en bekent maecken hoe wij den
627 3238 2756 3392 boven genoemde gouverneur van Sammadangh als
619 3363 2878 3528 zijnde den onderdaen, van de Mattaram, ende die
631 3488 2867 3632 ons verklaert heeft zijnen heer getrouw te willen
631 3629 2740 3784 blijven al voor lange onse hulpe, en adsistentie
620 3719 2844 3901 hebben toegeseght in nakominge, ende uijt kraghte
641 3828 2958 3968 van het contract anno 1646: met denselven Mattaram
637 3958 3005 4132 gemaeckt, dat wij dienvolgende protesteren ons huldig
2596 4100 2734 4203 te
