3070 4669
24 56 258 201 264.
148 164 414 352 26
2466 316 2517 445 1
10 456 2992 695 en ons dat Jan blijk dlen bijde bevindennge mnd Eerste geledentidd bermene
39 676 424 791 toete zenden
656 667 1894 850 en waerderiehd vor desenden
680 776 2905 990 do 2: bindinde nagesteit ambassaderits df dienadn
675 942 2906 1093 donge p: het schip biedersteijn w verdialder Emal
16 980 601 1167 de Liamze Coninks
675 1052 2940 1244 hier aengekonven versteck gedaen e mmee un
1 1130 604 1235 dienaren uijt Pasia
36 1195 590 1311 tur gekomen wjder
676 1218 2818 1384 agagie, en waerden, diee voor waarn domin hebben
18 1258 589 1368 ne Comp:s scheepen
18 1333 681 1472 Bassagienaer huijs toegestaen
680 1304 2866 1531 mede gebragte, verder passagie met son bn maek
691 1441 2763 1664 huijs te mogen Erlangen, soo is haer sulxx toegestaen
652 1536 2978 1787 bewijte dievvekst voorighietnis de Compag: andius visen
664 1702 2899 1934 thoott dehijn, En oock de ongelden, en verstrckingen die
678 1827 3019 2070 aait sjn kolck werden gedaen, willigelijck Comt te sestonnen;
699 2003 2830 2215 den wecken zijnde dan oock geresoeveert zij, den selven
14 1969 687 2179 En den Con:s guijteshelden
24 2145 670 2255 2000 p/s voor vragt van
691 2112 2973 2361 guijt de scheeden sekere 2000: topias, voor voags van Eijpe
62 2210 659 2325 gemelte sijn dienaren uijt
44 2278 662 2425 Suratta in bcq: gebragt
679 2309 2976 2502 bovengenoemde dienaren, en goederen uijt sinte en boeck:
685 2444 2890 2626 gebracht; en waer van zijlieden aldaer ven bbagadie
673 2545 2900 2757 hadden gepasseert boedvoenden gedagite Coninct Eghbe
48 2664 660 2883 waer hem het doen van
699 2740 2924 2933 sal aenschrijvenn en aennraaden, alsulcke besendingen van
55 2843 719 2953 sodanige besindingen van
28 2910 636 3053 sijn Holck aff te saaden
690 2850 2771 3067 sijn volck in aenstaende lieder te willen nae laaten
704 2989 2867 3219 Eensdeels om de becemmeringe en moeijde die de Com
675 3153 2854 3356 dagr met heeft en tepanderen om de groote tos ete
675 3329 2786 3488 en schaaden, die hij selve daerbijcomtt tijden, met
36 3441 2889 3614 het aenbiedinge hem aenbiedinge dat wij hem lever zodanige goederen van.
50 3595 691 3712 van alle geeijschte Goederen
676 3614 2820 3814 persia, souratta ean Elders, vor sijn geltt willen, en
45 3659 686 3799 te sullen laten Versoen
677 3735 2940 3961 gemackelijcker kunnen bestellen, als Bij mogtte Coning
730 3885 1878 4115 debenodigen. ofte begeeren en
687 4049 3022 4291 met 13t Jacht de batrivisoie Coopman, 26:' voorleden maents
2642 4208 2890 4361 naer
