3078 4591
42 4 228 167 168
92 144 245 326 66
2427 371 2515 507 1
595 413 705 551 „
650 395 2776 585 onder dagn 23 Iunij 1378
1012 543 2245 725 's morgens Extraord: Vergaderingh
595 973 2852 1130 Dewijle den nieuw aengekomen Engelsen Rgent
2810 1152 2918 1216 —
586 1100 2825 1261 tot Dantam Robbert parker ons met een briefken
583 1191 2777 1378 door seker Capitain Wildy, ernstigh heeft doen ver
29 1299 545 1455 d’ Engesz op bandam
616 1303 2900 1499 soecken, omme met een nieuwe socke mast, en boegsspriet
44 1415 553 1504 e an tockemat
36 1462 528 1573 en boeghspriet door
602 1444 2831 1596 voor een hunner schepen te mogen werden geriefft,
25 1536 599 1664 Haer gelt taccomoderen
593 1565 2800 1713 'twelck men volgens Christen, en bondtgenoten plight, bij
587 1636 2985 1809 nootsaecklijckheijt vermeijnt, niet wel te konnen weijgeren
584 1781 2979 1953 soo is na deliberatie verstaen haer daer mede voor desemael
593 1882 2830 2043 te accomoderen, maer dat men hun eghter onder beleefde
590 2008 2907 2194 termen, jn antwoort zal aenschrijven, en aenseggen
12 2075 550 2249 Maerhaer sul voor
597 2131 2882 2271 diergelijcke accomodatien, na desen niet meer sullen konnen
53 2200 441 2294 toecoipende de
51 2266 386 2395 Refuseren
603 2244 2752 2407 werden jngewilligst, te meer wij doorgaens, alsulcke
607 2353 2882 2505 Equippagie materialen selfs benodigen, en deselve met
597 2471 2941 2643 groote moeijten, en lasten, voor Comp:s grooten ommeslagh
592 2579 2885 2739 uijt het Daderlandt werden overgebraght gelijck mede
604 2709 2912 2853 tot ontlastinge en naeright deser vergaderingh, op sodanige
594 2840 3031 2984 en dier gelijcke voorvallen, omtrent Europese bontgenoten
609 2934 2995 3105 en jnsonderheijt d’ Engelse vrunden, een absolute en klare
47 2949 586 3104 Maderordie deswegen
49 3080 563 3168 vande Hetren Meefters
599 3039 2855 3214 ordre voor toekomende van onse Heeren meesters, uijt
35 3135 552 3226 voor toecomende te
27 3192 371 3323 Versoeken
587 3132 3010 3317 het Vaderlandt zal werden versoght, om te dienen tot teglem:t
671 3333 3000 3517 En alsoo den Engels Capitain, met hun vaertujgh van
54 3405 569 3589 Eig ge de
603 3467 2950 3625 Bantam hebben mede gebraght, vaten mom kassen
58 3554 538 3650 en Mom Van bantam
514 3548 617 3700 t
465 3618 531 3693 in
34 3621 474 3708 nogh toegestaen
595 3556 2896 3716 wijn, en 1: kas met spiegels, om alhier te verkopen
27 3682 268 3800 voeren
526 3694 2961 3865 daer toe zij dan mits 't presente verbodt, der Bantamse
615 3805 2916 3962 vaert, en handel, licentie doen versoecken; is Jaer den
605 3918 2847 4072 Jnvoer vande mom en wijnen &„a voor dese mael nogh
2777 4062 2861 4158 —
606 4062 2793 4183 toe gestaen, maer de kas met spiegels afgewesen, wijl
2605 4167 2779 4276 dat
2908 307 3091 435 5
