<?xml version="1.0" encoding="UTF-8" standalone="yes"?>
<PcGts xmlns="http://schema.primaresearch.org/PAGE/gts/pagecontent/2013-07-15" xmlns:xsi="http://www.w3.org/2001/XMLSchema-instance" xsi:schemaLocation="http://schema.primaresearch.org/PAGE/gts/pagecontent/2013-07-15 http://schema.primaresearch.org/PAGE/gts/pagecontent/2013-07-15/pagecontent.xsd">
    <Metadata>
        <Creator>prov=University of Rostock/Institute of Mathematics/CITlab|PLANET AI GmbH/Gundram Leifert/gundram.leifert@planet-ai.de:name=Dutch Mountains (18th Century)(htr_id=21683)::::v=2.6.6
prov=University of Rostock/Institute of Mathematics/CITlab|PLANET AI GmbH/Tobias Gruening/tobias.gruening@planet-ai.de:name=de.uros.citlab.module.baseline2polygon.B2PSeamMultiOriented:v=2.6.6
prov=University of Rostock/Institute of Mathematics/CITlab|PLANET AI GmbH/Tobias Gruening/tobias.gruening@planet-ai.de:name=/net_tf/LA73_249_0mod360.pb:de.uros.citlab.segmentation.CITlab_LA_ML:v=2.6.6
Transkribus</Creator>
        <Created>2020-09-07T17:36:46.022+07:00</Created>
        <LastChange>2020-09-07T15:25:13.730+02:00</LastChange>
        <TranskribusMetadata docId="471980" pageId="19528100" pageNr="41" tsid="39437604" status="IN_PROGRESS" userId="15017" imgUrl="https://files.transkribus.eu/Get?id=SXTCWYCRODQVMUFYTMXVIQYB&amp;fileType=view" xmlUrl="https://files.transkribus.eu/Get?id=DMVFOZHXUOFGDNHZWTGHWDKC" imageId="15087937"/>
    </Metadata>
    <Page imageFilename="ID-ANRI_K66a_890_41.jpg" imageWidth="3157" imageHeight="4624">
        <ReadingOrder>
            <OrderedGroup id="ro_1620456082874" caption="Regions reading order">
                <RegionRefIndexed index="0" regionRef="r1"/>
                <RegionRefIndexed index="1" regionRef="r2"/>
                <RegionRefIndexed index="2" regionRef="r3"/>
                <RegionRefIndexed index="3" regionRef="r4"/>
            </OrderedGroup>
        </ReadingOrder>
        <TextRegion orientation="0.0" id="r1" custom="readingOrder {index:0;}">
            <Coords points="18,1619 18,1772 78,1772 78,1619"/>
            <TextLine id="r1l1" custom="readingOrder {index:0;}">
                <Coords points="4,1710 19,1711 31,1724 40,1727 68,1725 71,1729 92,1730 94,1684 76,1683 70,1676 58,1673 40,1659 34,1665 22,1655 7,1655"/>
                <Baseline points="18,1719 48,1719 78,1722"/>
                <TextEquiv>
                    <Unicode></Unicode>
                </TextEquiv>
            </TextLine>
            <TextEquiv>
                <Unicode></Unicode>
            </TextEquiv>
        </TextRegion>
        <TextRegion orientation="0.0" id="r2" custom="readingOrder {index:1;}">
            <Coords points="36,635 36,791 149,791 149,635"/>
            <TextLine id="r2l1" custom="readingOrder {index:0;}">
                <Coords points="24,800 58,807 88,788 101,799 134,767 164,769 159,637 131,641 87,609 54,638 17,634"/>
                <Baseline points="36,740 64,741 92,741 120,739 149,735"/>
                <TextEquiv>
                    <Unicode>17</Unicode>
                </TextEquiv>
            </TextLine>
            <TextEquiv>
                <Unicode>17</Unicode>
            </TextEquiv>
        </TextRegion>
        <TextRegion orientation="0.0" id="r3" custom="readingOrder {index:2;}">
            <Coords points="17,58 17,4273 2570,4273 2570,58"/>
            <TextLine id="r3l1" custom="readingOrder {index:0;}">
                <Coords points="1507,192 1528,194 1538,188 1547,195 1553,190 1572,191 1584,22 1562,24 1544,10 1541,13 1520,8"/>
                <Baseline points="1529,114 1560,116"/>
                <TextEquiv>
                    <Unicode>1o</Unicode>
                </TextEquiv>
            </TextLine>
            <TextLine id="r3l2" custom="readingOrder {index:1;}">
                <Coords points="210,589 2016,579 1960,444 1729,511 1387,424 1142,506 935,452 643,503 541,433 437,477 209,408"/>
                <Baseline points="225,566 313,566 402,567 491,568 580,569 668,569 757,569 846,567 935,567 1023,567 1112,566 1201,565 1290,564 1378,563 1467,561 1556,561 1645,560 1733,558 1822,558 1911,557 2000,555"/>
                <TextEquiv>
                    <Unicode>over dienende hed: navolgende request</Unicode>
                </TextEquiv>
            </TextLine>
            <TextLine id="r3l3" custom="readingOrder {index:2;}">
                <Coords points="635,1028 1585,991 2040,1035 2317,994 2317,905 2074,841 1886,897 1674,815 634,847"/>
                <Baseline points="650,986 732,984 815,984 897,984 980,983 1062,983 1145,983 1227,981 1310,981 1392,981 1475,981 1558,981 1640,981 1723,980 1805,980 1888,980 1970,980 2053,980 2135,979 2218,978 2301,978"/>
                <TextEquiv>
                    <Unicode>Den d' E Ed:e Heer Joan Maersuijcker</Unicode>
                </TextEquiv>
            </TextLine>
            <TextLine id="r3l4" custom="readingOrder {index:3;}">
                <Coords points="624,1162 1036,1133 1162,1182 1470,1125 2358,1180 2384,1048 1575,990 1058,1068 624,1042"/>
                <Baseline points="638,1125 724,1125 811,1124 897,1122 984,1122 1070,1121 1157,1121 1243,1121 1330,1121 1416,1121 1503,1121 1590,1122 1676,1122 1763,1123 1849,1124 1936,1125 2022,1125 2109,1127 2195,1128 2282,1130 2369,1131"/>
                <TextEquiv>
                    <Unicode>Gouverneur Generael ende d' Ed:e Heeren</Unicode>
                </TextEquiv>
            </TextLine>
            <TextLine id="r3l5" custom="readingOrder {index:4;}">
                <Coords points="631,1295 985,1272 1382,1304 1607,1274 1607,1167 1466,1126 1167,1180 1038,1133 933,1167 730,1129 632,1202"/>
                <Baseline points="647,1262 694,1263 741,1265 788,1266 835,1267 882,1268 929,1268 977,1268 1024,1268 1071,1268 1118,1268 1165,1268 1212,1268 1259,1268 1307,1268 1354,1268 1401,1268 1448,1268 1495,1268 1542,1269 1590,1269"/>
                <TextEquiv>
                    <Unicode>raaden van India.</Unicode>
                </TextEquiv>
            </TextLine>
            <TextLine id="r3l6" custom="readingOrder {index:5;}">
                <Coords points="1188,1640 1449,1632 1547,1566 1655,1633 1879,1576 2332,1631 2470,1560 2469,1473 2173,1374 2004,1385 1848,1469 1545,1379 1291,1516 1187,1517"/>
                <Baseline points="1202,1548 1264,1551 1327,1553 1389,1554 1452,1556 1515,1556 1577,1556 1640,1554 1702,1554 1765,1553 1828,1551 1890,1550 1953,1549 2015,1548 2078,1547 2141,1547 2203,1545 2266,1545 2328,1547 2391,1547 2454,1550"/>
                <TextEquiv>
                    <Unicode>L: E: Noog achtb: Heeren</Unicode>
                </TextEquiv>
            </TextLine>
            <TextLine id="r3l7" custom="readingOrder {index:6;}">
                <Coords points="419,1732 2489,1767 2490,1592 2429,1570 2118,1657 1657,1635 1580,1564 1306,1645 1057,1564 703,1669 420,1606"/>
                <Baseline points="434,1716 536,1716 638,1716 740,1716 842,1718 944,1719 1046,1720 1148,1721 1250,1722 1352,1724 1454,1725 1556,1725 1658,1727 1760,1727 1862,1728 1964,1728 2066,1728 2168,1727 2270,1727 2372,1725 2474,1724"/>
                <TextEquiv>
                    <Unicode>heeft met alle nedrige eerbiedigheijt te kennen UE:d:</Unicode>
                </TextEquiv>
            </TextLine>
            <TextLine id="r3l8" custom="readingOrder {index:7;}">
                <Coords points="230,1844 909,1880 996,1816 1272,1894 1993,1823 2278,1885 2518,1868 2519,1757 230,1727"/>
                <Baseline points="245,1821 357,1823 470,1825 583,1826 696,1827 809,1829 922,1830 1034,1830 1147,1832 1260,1832 1373,1832 1486,1833 1599,1833 1712,1833 1824,1833 1937,1832 2050,1832 2163,1832 2276,1832 2389,1832 2502,1830"/>
                <TextEquiv>
                    <Unicode>HoogE aghtb: geringhsten Dienaer Chadorus volmeer uijt den</Unicode>
                </TextEquiv>
            </TextLine>
            <TextLine id="r3l9" custom="readingOrder {index:8;}">
                <Coords points="228,1948 2508,1998 2508,1872 2213,1908 1995,1824 229,1878"/>
                <Baseline points="245,1940 357,1938 469,1938 582,1938 694,1938 807,1940 919,1940 1031,1940 1144,1941 1256,1941 1369,1941 1481,1943 1593,1943 1706,1944 1818,1944 1931,1944 2043,1946 2155,1946 2268,1946 2380,1946 2493,1946"/>
                <TextEquiv>
                    <Unicode>Haagh, hoe dat hij nu ruijm vijft hien Iaeren, d’ E Comp:e ter</Unicode>
                </TextEquiv>
            </TextLine>
            <TextLine id="r3l10" custom="readingOrder {index:9;}">
                <Coords points="241,2083 2296,2070 2296,2008 2019,1949 1699,2010 1383,1951 1253,2018 1081,1953 933,2011 241,1997"/>
                <Baseline points="257,2054 358,2057 459,2058 560,2060 662,2060 763,2061 864,2061 965,2061 1067,2061 1168,2061 1269,2061 1370,2061 1472,2060 1573,2060 1674,2060 1775,2061 1877,2061 1978,2061 2079,2063 2180,2064 2282,2066"/>
                <TextEquiv>
                    <Unicode>Custe Mallabaer, aen de penne jn veel verkheijdene</Unicode>
                </TextEquiv>
            </TextLine>
            <TextLine id="r3l11" custom="readingOrder {index:10;}">
                <Coords points="241,2215 2518,2214 2518,2113 1952,2053 1088,2140 392,2053 242,2108"/>
                <Baseline points="257,2162 369,2166 481,2169 594,2172 706,2174 818,2175 931,2177 1043,2178 1155,2178 1268,2180 1380,2180 1492,2178 1605,2178 1717,2178 1829,2177 1942,2176 2054,2175 2166,2174 2279,2174 2391,2172 2504,2171"/>
                <TextEquiv>
                    <Unicode>gelegentheden, aenden anderen heeft gedient, soo tot Coijlang</Unicode>
                </TextEquiv>
            </TextLine>
            <TextLine id="r3l12" custom="readingOrder {index:11;}">
                <Coords points="243,2322 2538,2279 2461,2208 243,2214"/>
                <Baseline points="258,2277 371,2279 484,2281 597,2283 710,2284 824,2285 937,2286 1050,2286 1163,2286 1276,2286 1390,2286 1503,2286 1616,2286 1729,2285 1842,2283 1956,2282 2069,2280 2182,2279 2295,2276 2408,2273 2522,2270"/>
                <TextEquiv>
                    <Unicode>Porca, als resident, Cochinj wel seven jaer en bij de negotie</Unicode>
                </TextEquiv>
            </TextLine>
            <TextLine id="r3l13" custom="readingOrder {index:12;}">
                <Coords points="238,2410 580,2472 850,2399 1844,2455 2475,2392 2474,2312 2228,2280 1487,2366 1234,2294 779,2282 576,2367 237,2321"/>
                <Baseline points="252,2402 362,2402 472,2403 583,2403 693,2403 803,2402 914,2402 1024,2402 1134,2400 1245,2400 1355,2399 1465,2399 1576,2397 1686,2396 1796,2394 1907,2393 2017,2391 2127,2390 2238,2388 2348,2387 2459,2385"/>
                <TextEquiv>
                    <Unicode>boecken, als secunde op Cananoor, en jongst als tweede</Unicode>
                </TextEquiv>
            </TextLine>
            <TextLine id="r3l14" custom="readingOrder {index:13;}">
                <Coords points="235,2528 2490,2543 2456,2423 235,2445"/>
                <Baseline points="252,2508 363,2512 474,2516 585,2518 696,2520 807,2522 918,2522 1030,2523 1141,2523 1252,2522 1363,2522 1474,2520 1585,2519 1696,2517 1808,2516 1919,2514 2030,2512 2141,2510 2252,2508 2363,2507 2475,2505"/>
                <TextEquiv>
                    <Unicode>der Mallabaer de Zuijder Comptoiren, en negotie boeck„</Unicode>
                </TextEquiv>
            </TextLine>
            <TextLine id="r3l15" custom="readingOrder {index:14;}">
                <Coords points="234,2663 2206,2675 2470,2631 2470,2539 1332,2601 233,2528"/>
                <Baseline points="248,2622 358,2625 468,2628 578,2631 689,2633 799,2634 909,2636 1020,2636 1130,2636 1240,2636 1351,2636 1461,2636 1571,2634 1681,2633 1792,2631 1902,2630 2012,2627 2123,2625 2233,2622 2343,2619 2454,2618"/>
                <TextEquiv>
                    <Unicode>houder tot Coijlangh is geplaest geweest, tot het eijnde</Unicode>
                </TextEquiv>
            </TextLine>
            <TextLine id="r3l16" custom="readingOrder {index:15;}">
                <Coords points="242,2766 1257,2818 2463,2754 2463,2686 2362,2676 242,2668"/>
                <Baseline points="257,2742 366,2744 476,2745 585,2747 695,2747 804,2748 914,2748 1023,2750 1133,2750 1242,2750 1352,2750 1461,2750 1571,2750 1680,2750 1790,2750 1899,2750 2009,2750 2118,2750 2228,2750 2337,2750 2447,2750"/>
                <TextEquiv>
                    <Unicode>der maent februarij, jongstleden wanneer buijtn alle</Unicode>
                </TextEquiv>
            </TextLine>
            <TextLine id="r3l17" custom="readingOrder {index:16;}">
                <Coords points="247,2865 1800,2933 2440,2886 2487,2797 1856,2751 1087,2835 247,2767"/>
                <Baseline points="263,2850 373,2853 483,2855 594,2856 704,2858 815,2859 925,2861 1036,2862 1146,2864 1257,2864 1367,2864 1477,2865 1588,2865 1698,2865 1809,2865 1919,2864 2030,2864 2140,2862 2251,2861 2361,2861 2472,2859"/>
                <TextEquiv>
                    <Unicode>vermoeden, den suppl: door het Opperbooft den Coopman</Unicode>
                </TextEquiv>
            </TextLine>
            <TextLine id="r3l18" custom="readingOrder {index:17;}">
                <Coords points="238,3000 2499,3006 2499,2913 2149,2869 1589,2941 1281,2872 995,2951 238,2886"/>
                <Baseline points="255,2970 366,2970 477,2972 589,2973 700,2975 812,2976 923,2978 1034,2979 1146,2982 1257,2984 1369,2984 1480,2985 1591,2985 1703,2987 1814,2985 1926,2985 2037,2983 2148,2981 2260,2978 2371,2973 2483,2969"/>
                <TextEquiv>
                    <Unicode>Marcelus Doevins, ter ordre vanden Commandeur tot</Unicode>
                </TextEquiv>
            </TextLine>
            <TextLine id="r3l19" custom="readingOrder {index:18;}">
                <Coords points="187,3105 2491,3106 2335,2985 187,3015"/>
                <Baseline points="201,3087 314,3089 428,3090 542,3093 655,3095 769,3096 883,3099 996,3101 1110,3102 1224,3104 1338,3104 1451,3105 1565,3105 1679,3105 1792,3105 1906,3104 2020,3102 2133,3099 2247,3096 2361,3092 2475,3087"/>
                <TextEquiv>
                    <Unicode>Cochim de H: van Reede is aengedient sigs vaerdigete</Unicode>
                </TextEquiv>
            </TextLine>
            <TextLine id="r3l20" custom="readingOrder {index:19;}">
                <Coords points="267,3225 2408,3256 2482,3229 2482,3105 1774,3180 1159,3104 267,3160"/>
                <Baseline points="281,3209 390,3210 499,3212 608,3213 717,3213 827,3215 936,3215 1045,3215 1154,3215 1263,3215 1373,3215 1482,3215 1591,3215 1700,3215 1809,3216 1919,3216 2028,3216 2137,3216 2246,3218 2355,3219 2465,3219"/>
                <TextEquiv>
                    <Unicode>maecken, om alle onder hebbende goederen, boecken E: aen</Unicode>
                </TextEquiv>
            </TextLine>
            <TextLine id="r3l21" custom="readingOrder {index:20;}">
                <Coords points="255,3352 1239,3333 1427,3397 2023,3334 2116,3404 2359,3385 2485,3280 1374,3231 1048,3303 863,3230 448,3290 254,3226"/>
                <Baseline points="269,3318 384,3325 500,3330 616,3334 731,3338 847,3339 963,3339 1079,3339 1194,3339 1310,3338 1426,3336 1542,3335 1657,3332 1773,3330 1889,3329 2005,3327 2120,3326 2236,3324 2352,3324 2468,3326"/>
                <TextEquiv>
                    <Unicode>hem op te dragen omme met het schip Macasser dat</Unicode>
                </TextEquiv>
            </TextLine>
            <TextLine id="r3l22" custom="readingOrder {index:21;}">
                <Coords points="2,3485 1439,3529 2491,3449 2491,3363 488,3402 224,3282 2,3319"/>
                <Baseline points="17,3428 140,3433 263,3438 386,3444 509,3447 632,3451 755,3453 878,3456 1001,3458 1124,3458 1247,3458 1370,3458 1493,3457 1616,3455 1739,3453 1862,3450 1985,3447 2108,3444 2231,3440 2354,3434 2477,3429"/>
                <TextEquiv>
                    <Unicode>dagelycks van Ceuchip verwagst wiert, na Batavia</Unicode>
                </TextEquiv>
            </TextLine>
            <TextLine id="r3l23" custom="readingOrder {index:22;}">
                <Coords points="255,3556 1482,3633 2079,3569 2221,3652 2467,3572 2467,3467 2288,3442 1870,3458 1759,3532 255,3458"/>
                <Baseline points="270,3542 379,3548 488,3554 597,3560 706,3564 815,3567 924,3570 1033,3572 1142,3572 1251,3573 1360,3573 1469,3572 1578,3570 1687,3569 1796,3567 1905,3564 2014,3561 2123,3558 2232,3555 2341,3552 2450,3549"/>
                <TextEquiv>
                    <Unicode>over te gaen, het welck den suppl: niet weijnigh untstelde</Unicode>
                </TextEquiv>
            </TextLine>
            <TextLine id="r3l24" custom="readingOrder {index:23;}">
                <Coords points="265,3688 2489,3717 2490,3610 2327,3636 2226,3543 2096,3640 1804,3579 266,3599"/>
                <Baseline points="282,3657 391,3660 501,3663 610,3666 720,3669 830,3671 939,3674 1049,3676 1159,3678 1268,3680 1378,3681 1488,3683 1597,3684 1707,3684 1817,3684 1926,3684 2036,3683 2146,3681 2255,3678 2365,3675 2475,3672"/>
                <TextEquiv>
                    <Unicode>vermits hem onbekent waeren, eenige redenen waerom„</Unicode>
                </TextEquiv>
            </TextLine>
            <TextLine id="r3l25" custom="readingOrder {index:24;}">
                <Coords points="148,3779 2467,3847 2468,3730 2363,3720 149,3677"/>
                <Baseline points="164,3779 278,3777 392,3777 507,3777 621,3779 735,3780 850,3782 964,3785 1078,3786 1193,3789 1307,3791 1421,3792 1536,3794 1650,3795 1764,3795 1879,3794 1993,3792 2107,3789 2222,3786 2336,3782 2451,3774"/>
                <TextEquiv>
                    <Unicode>daer in boven herdenckende de lange continuatie te</Unicode>
                </TextEquiv>
            </TextLine>
            <TextLine id="r3l26" custom="readingOrder {index:25;}">
                <Coords points="247,3909 2382,3923 2361,3806 1903,3794 1770,3861 247,3807"/>
                <Baseline points="263,3891 368,3893 473,3893 578,3894 683,3896 789,3897 894,3899 999,3900 1104,3901 1209,3902 1315,3903 1420,3905 1525,3906 1630,3906 1735,3906 1841,3906 1946,3906 2051,3906 2156,3905 2261,3903 2367,3902"/>
                <TextEquiv>
                    <Unicode>dien Cnste, en dat nogh ruijm 1½ Iaer d' E:o Comp:s</Unicode>
                </TextEquiv>
            </TextLine>
            <TextLine id="r3l27" custom="readingOrder {index:26;}">
                <Coords points="251,4012 2518,4064 2497,3920 251,3948"/>
                <Baseline points="266,4005 377,4007 489,4008 601,4010 713,4010 825,4011 936,4011 1048,4011 1160,4013 1272,4013 1384,4013 1495,4013 1607,4013 1719,4013 1831,4013 1943,4013 2054,4013 2166,4013 2278,4013 2390,4013 2502,4013"/>
                <TextEquiv>
                    <Unicode>verschuldight was te dienen, als zjnde hij suppliant den</Unicode>
                </TextEquiv>
            </TextLine>
            <TextLine id="r3l28" custom="readingOrder {index:27;}">
                <Coords points="250,4163 456,4206 789,4121 1887,4206 2216,4145 2216,4068 1868,4018 1345,4076 943,4007 462,4083 250,4012"/>
                <Baseline points="266,4133 362,4131 459,4130 556,4130 653,4130 750,4130 846,4131 943,4131 1040,4133 1137,4134 1234,4134 1330,4136 1427,4136 1524,4137 1621,4137 1718,4136 1814,4136 1911,4134 2008,4133 2105,4130 2202,4127"/>
                <TextEquiv>
                    <Unicode>15: september 1673. door UE Ed:e hoogsaghtbaere</Unicode>
                </TextEquiv>
            </TextLine>
            <TextLine id="r3l29" custom="readingOrder {index:28;}">
                <Coords points="2136,4268 2210,4249 2269,4291 2400,4243 2469,4295 2511,4260 2585,4238 2584,4130 2467,4172 2378,4139 2301,4183 2187,4166 2135,4185"/>
                <Baseline points="2150,4239 2176,4240 2202,4241 2228,4242 2255,4244 2281,4244 2307,4245 2333,4245 2360,4245 2386,4245 2412,4245 2438,4244 2465,4241 2491,4240 2517,4238 2543,4235 2570,4230"/>
                <TextEquiv>
                    <Unicode>begunstight</Unicode>
                </TextEquiv>
            </TextLine>
            <TextEquiv>
                <Unicode>1o
over dienende hed: navolgende request
Den d' E Ed:e Heer Joan Maersuijcker
Gouverneur Generael ende d' Ed:e Heeren
raaden van India.
L: E: Noog achtb: Heeren
heeft met alle nedrige eerbiedigheijt te kennen UE:d:
HoogE aghtb: geringhsten Dienaer Chadorus volmeer uijt den
Haagh, hoe dat hij nu ruijm vijft hien Iaeren, d’ E Comp:e ter
Custe Mallabaer, aen de penne jn veel verkheijdene
gelegentheden, aenden anderen heeft gedient, soo tot Coijlang
Porca, als resident, Cochinj wel seven jaer en bij de negotie
boecken, als secunde op Cananoor, en jongst als tweede
der Mallabaer de Zuijder Comptoiren, en negotie boeck„
houder tot Coijlangh is geplaest geweest, tot het eijnde
der maent februarij, jongstleden wanneer buijtn alle
vermoeden, den suppl: door het Opperbooft den Coopman
Marcelus Doevins, ter ordre vanden Commandeur tot
Cochim de H: van Reede is aengedient sigs vaerdigete
maecken, om alle onder hebbende goederen, boecken E: aen
hem op te dragen omme met het schip Macasser dat
dagelycks van Ceuchip verwagst wiert, na Batavia
over te gaen, het welck den suppl: niet weijnigh untstelde
vermits hem onbekent waeren, eenige redenen waerom„
daer in boven herdenckende de lange continuatie te
dien Cnste, en dat nogh ruijm 1½ Iaer d' E:o Comp:s
verschuldight was te dienen, als zjnde hij suppliant den
15: september 1673. door UE Ed:e hoogsaghtbaere
begunstight</Unicode>
            </TextEquiv>
        </TextRegion>
        <TextRegion orientation="0.0" id="r4" custom="readingOrder {index:3;}">
            <Coords points="2402,54 2402,688 3066,688 3066,54"/>
            <TextLine id="r4l1" custom="readingOrder {index:0;}">
                <Coords points="2972,77 2987,77 2990,74 3030,74 3030,6 3015,6 3012,3 3002,12 2996,9 2972,9"/>
                <Baseline points="2988,74 3015,74"/>
                <TextEquiv>
                    <Unicode>16</Unicode>
                </TextEquiv>
            </TextLine>
            <TextLine id="r4l2" custom="readingOrder {index:1;}">
                <Coords points="2911,111 2926,113 2958,142 2983,127 3014,143 3030,143 3054,129 3073,132 3088,51 3057,48 3032,65 3024,60 3010,67 2983,62 2963,33 2946,42 2925,38"/>
                <Baseline points="2933,75 2959,81 2985,87 3011,93 3037,97 3063,98"/>
                <TextEquiv>
                    <Unicode></Unicode>
                </TextEquiv>
            </TextLine>
            <TextLine id="r4l3" custom="readingOrder {index:2;}">
                <Coords points="2398,558 2445,579 2589,530 2623,558 2792,543 2844,573 2878,548 2998,568 3032,555 3031,469 2975,451 2880,480 2719,412 2643,447 2568,383 2455,477 2397,490"/>
                <Baseline points="2415,555 2445,552 2475,551 2505,548 2535,547 2565,546 2595,545 2625,544 2655,543 2685,543 2716,542 2746,542 2776,542 2806,542 2836,542 2866,542 2896,543 2926,543 2956,543 2986,545 3017,545"/>
                <TextEquiv>
                    <Unicode>Aen te en de 1: e</Unicode>
                </TextEquiv>
            </TextLine>
            <TextLine id="r4l4" custom="readingOrder {index:3;}">
                <Coords points="2385,637 2493,619 2527,588 2632,628 2721,610 2912,620 2942,642 3081,630 3081,562 2613,555 2586,527 2552,558 2478,560 2438,520 2386,526"/>
                <Baseline points="2402,609 2435,609 2468,608 2501,607 2534,606 2568,606 2601,605 2634,605 2667,605 2700,605 2734,605 2767,605 2800,605 2833,605 2866,606 2900,606 2933,608 2966,608 2999,609 3032,611 3066,611"/>
                <TextEquiv>
                    <Unicode>Mandeerde onder Coopman</Unicode>
                </TextEquiv>
            </TextLine>
            <TextLine id="r4l5" custom="readingOrder {index:4;}">
                <Coords points="2471,691 2616,710 2656,687 2699,705 2736,682 2908,675 2979,698 2978,627 2934,610 2882,627 2833,612 2799,632 2749,611 2713,649 2602,608 2559,612 2530,588 2470,621"/>
                <Baseline points="2486,677 2511,677 2536,678 2561,678 2586,678 2611,678 2636,677 2661,677 2686,675 2711,675 2737,674 2762,673 2787,672 2812,671 2837,671 2862,671 2887,669 2912,669 2937,669 2963,671"/>
                <TextEquiv>
                    <Unicode>Todorus Vosmiet</Unicode>
                </TextEquiv>
            </TextLine>
            <TextEquiv>
                <Unicode>16

Aen te en de 1: e
Mandeerde onder Coopman
Todorus Vosmiet</Unicode>
            </TextEquiv>
        </TextRegion>
    </Page>
</PcGts>
