2984 4524
168 128 403 355 66
1965 308 2052 420 1
1245 258 1997 448 November
1190 282 1298 451 1
65 424 2541 618 11: d:o d: balthaarbort Even van malacca gekomen, wert als ordinarij fadt„
2056 463 2924 679 . . . . . . . . . . No: 451
608 565 2073 719 „ saade van Indiabeidighe, en Eessie gegeven s.
343 670 2752 806 den Coopman Jan Van seene andermaes als Commissaris naer Palembang af tesenden ,
335 762 2737 890 en met eenen oock desooge over Jambij aen te beselen - - - - - - - - - - - - - - - - - „
2630 836 2775 953 „ —
339 844 2491 1020 de fruijt Sapenburgh der vaerts aengeleijt - - - - - - - - - - - - - - - -
341 940 2622 1099 gem: E: van Leene, mits lange tijts expiratie en goede diensten geadvancert tot
666 1057 2032 1212 Opp:r Coopman met 80. gl. Van 12:' meij passado
344 1139 2586 1300 En hem voor derst na Palembang bij gevoegt Een boekhouder Joan: tijnen met
2653 1248 2938 1395 „432:
684 1270 1619 1433 de qualiteijt van ondercoopman
355 1394 2533 1530 andries praet op Palembang, en anthonij mina tot Jambij, beijde verbetert
2601 1453 2685 1585 „
696 1474 2062 1608 tot adsisaenten met 20. gl:s Voor 5. Jaer . . . .
380 1584 2317 1736 op d’ advisen van Capt: Bartsinck hierboven uijt ’t geberghte . . .
20 1593 314 1781 12: d:o
359 1738 2387 1859 7s verstaen nogh 60. Nederlandze militairen ’t sijner adsiscitie: over
697 1807 1755 1972 tatijongpouira aff te schicken - - - -
345 1887 2581 2084 en hem aen te schrijven; niet Hooger als tot Goedoegoedou op te trecken, off op
2337 2010 2495 2152 b:
663 2038 2205 2218 tan jongpoura post te houden - - - - - - - - - - . . .
368 2167 2714 2310 ten zij bij toeval der balijers, dogh niet als met goede voorsicht van niet beset te worden . „
2631 2299 2720 2415 1.
360 2252 2098 2424 en niet nasamadang, dan op nader las. -- - - - - . - . -
378 2332 2620 2567 eenige der balijers hooffden Inder minne te peisnaderen, om Hewaerts tot ons
709 2513 2121 2665 over te Comen - - - - - - - - - - - - - - - --
378 2582 2611 2748 dchiluijt:t van den eeden op Canjongpoura, salsigh bij dese bantamze troubleij
2637 2701 2732 2860 „
707 2717 2307 2858 niet uijt de Pagger begeven - - - - - - - - - - - - - - -
384 2807 2317 3006 En sijn gebreck bekent maeken, omby oversal niet verlegen te zijn
388 2951 2519 3112 den Javaenzen tegens Wierasaba aldaer, soo ’t Cap:n Partsinck nodigh aghb
2710 3032 2943 3187 434
731 3050 1492 3219 in dersekeringe te nemen
406 3167 1151 3336 tot nader ordre van hier
1261 3191 1380 3301 p
392 3273 2603 3424 de nodige provisien voor capteijn Bartsinck, en tanjongpoura met 2: vaertuijgen
717 3399 1630 3543 derwaerts te bestellen . - . ..
402 3460 2419 3656 om daer in dese ttegentijt voor 2: â 3. maenden in voorraet te wesen
86 3628 2524 3806 15: d:o den bovder Jagues de buijs met sijn famielie Vergunt na Macassar over te
2514 3743 2942 3880 „ 435.
691 3799 1405 3905 Jaej omte women.
2541 3921 2607 4008 —
400 3895 2558 4049 den gewesen Vaendig Joan. Bomberg, als passagier toegestaen na ’t patia
2622 4002 2668 4118 1
1596 4018 1957 4099 – – –
685 3989 1136 4145 te vertrecken.
2604 4109 2692 4225 „
432 4075 1917 4271 Ca sijn Vrouw met eijgen bewillinge Hier te laten.
