3199 4725
127 348 272 571 d„
2847 32 3108 236 333.
2854 204 3074 379 333
974 309 1715 812 ie de
281 715 2423 920 een saat ontpels cande van de Comp: ode seekerse
341 900 2290 1092 en Eerlijctegeten, gelijck belx bij sodanigente pal
283 995 2528 1182 eemael den Heere gouverneur en vae toe vertrouwe
847 1026 3150 1321 eijst domme naelongedaeed wos Congetn n desseale
2482 1225 3097 1342 dierbare Ptters van
261 1276 3100 1441 kostikde va dier baare isteck op dat Eijlande dat wel 20 ilienm op dat
2491 1385 3094 1496 Eijland met vigeur de
290 1449 2842 1616 wel bij detwintigh milioenen montoen, met alle digekr beschumen
307 1555 2462 1802 envermgen weete deschemen en te Consroun
2502 1719 3184 1943 De bedris nu na Malaba
186 1690 2496 1994 sullende vorders de ordies, en beperen die wij als nuooe
2498 1909 2781 2078 te Geven
299 1899 2524 2137 met dese besondinge, in geleijde vanden opperCoopman
288 2062 2520 2238 gelnver vosburgh naer mallal de, Heobj misseve aenden
338 2184 2581 2373 Commandeur Jacob Tods en saet als aen den Commiss:
256 2341 2421 2562 Wanen Busman bij Caparte Instructie gedekcket de
2581 2435 3142 2625 Oblheijlen mede tot
339 2481 2536 2694 geven van B: gelw: op Teijloil in Lopie werden toefe shi
2591 2595 3091 2712 d te dienen
2528 2668 3097 2784 soo dredie aldaer
304 2636 2536 2865 omme tedienen oftein dese Eijlouze materie waaldj
2548 2737 3075 2904 appicabel zijn &
348 2771 2542 2999 gejuscheert; en boederke als deselve aldaer eenige saken
291 2935 2737 3181 berajtende, en applicabel biulllen of mogten, bevonden worden:
253 3099 2698 3404 Batavia intlasten datum als No7
2240 3343 2882 3606 Vin goe
2078 3638 2817 3848 Vnhveden
1855 3802 2905 4207 Woan b Meern
2829 4063 2934 4245 6
2041 4192 2770 4478 Jan Canpheen
