3087 4646
993 154 1824 493 September
7 437 2833 642 6: d:s Maer de Coninge Voor als nogh 't selpe niet te onthouden . . . . r: 34:8.
285 541 2599 705 dogh alle andre Comp:s onderdanes moeten 't selve alleen van de Comp. koopen „:
2379 645 2481 737 —
291 646 2385 791 geendoeken off verwerijen op Jaffanapatnam neer te doen aenmaken tot
1832 727 2154 814 . .
2251 721 2372 835 „
563 733 1080 840 naeder ordre.
266 774 2498 952 soude affgeleeffde Glaven op Geijlon tot batticqoa te plaetzen, daer de koste
2495 829 2847 1029 „ 3.19..
558 910 1020 1054 beterkoop is.
313 921 2557 1117 5. â 600. Cloeke slaven, en blavinnen tot Tutucorijn Voorbatavig te doen Inkopen
326 1111 2534 1228 d H:r Houv: fijckloff van goens de Jonge, ng tot eenigen tijt Continuatie
2525 1102 2588 1255 „
596 1174 2227 1300 In't Houvernemen van Ceijlon teversoeken -.
2314 1213 2387 1324 6
2582 1273 2726 1369 —
2533 1273 2608 1362 „
306 1222 2327 1401 Onder belofte van tecommandatie tt sijn advancemen aen d' H2
2552 1352 2818 1488 „320.
331 1390 2511 1507 maer bij sijn opkomste persisterende, ons sulx ten boedigsten te advijenn
297 1492 2150 1618 den Coiper nogh voor derst Wat om sijn schul te maanen . - -..
299 1535 2106 1716 eermen ons guarant niet gewelt op sijn Javens souw soeken
309 1667 2242 1790 de siancos op Ceijlon selve aende bengaelze mooren te verkoopen.
2409 1741 2551 1903 nogh
321 1748 2386 1890 id de madureze Lant tegenten over hun geweeden aende patinas Li=a
582 1859 1863 1991 Vooreenst ingeen Contentie te komen;
296 1960 2010 2097 m:ealle moeijt en onlutzen in desen tijt te mijden ..
2566 2018 2846 2182 „ 331
299 2047 1586 2199 en de mesnagie in prosuten te betraghien
241 2130 1926 2308 de versoghte 300. militairen kannen nu niet enden —
273 2228 2362 2409 Het onder de votie thellen der Wannas Weel Egternodigh veoordeelt
2574 2389 2638 2473 „
301 2353 1749 2487 daerovermen sigh na desen nader sal verklaaren —
310 2449 2515 2637 den Twee hhier geemaneerde pliccaten dato 12:' aug:o op Chijlon mede te
609 2577 1225 2712 doen obzerveren.-
298 2650 2544 2822 Het toeleggen vande Jnkomsten der Clappusthuijnen, aen 't Weeshuijs
625 2773 1583 2924 tot Colombo: wert geapprobeert
306 2802 2554 3040 een tolle van alle onderdanen, en Jongemanschap Jaerlijcx van Cheijlon
2435 2898 2883 3105 . . . „ 322.
631 2984 1068 3112 overte senden
319 3059 2524 3237 den Coopman fauconies Van Tutucorijn Elders op Gehjon te verplaetzen
622 3175 1252 3336 dogh in geen saade -
317 3270 1432 3447 t vormeerderen der proffijten . . . . -
326 3376 2591 3531 en 't witier des dreecks Eleeden, en Eiplanten L: op Ceijlon te behertigen
334 3490 1663 3670 Jten, devergrotingen der Iickoms ten .-.
343 3599 2075 3745 dogh alles sonder belanden, en Imronderen te altevenen
364 3698 2082 3863 de vorige tractemeten aen de Lascarijns affteschaffen
2620 3811 2916 3935 „ —
2002 3849 2071 3919 1.
342 3809 2020 3945 En donkos zinder Jnlandze dienaren te besnoeijen
2632 3914 2894 4033 „ _
356 3896 2556 4071 Jtemoock de Cassen der Eqnipagie en vers selkingen der tantsoenen.
2636 4025 2933 4180 „ 323.
366 4020 2241 4160 donkos 2: N: in fortificatien, ook t' eenenmael te doen ophouden
280 4129 2714 4277 dogh egter het Loden werk van Vegombo, en manaer mettertijt van theg tcommantelen„
