2984 4524
168 -3 361 343 38
1142 76 2028 418 Notenbe
32 398 2549 664 19: d:o de bij onderhoopte ookomste off overlijden van d E: kindt die commisse
2681 503 2933 650 o. 497
689 587 1075 701 Tre op vatten
326 623 2717 791 en boohhaest mogelijck ten Ejnde brengen, en met tot gros dermagt hewvaeris heeren 1.
2617 789 2700 866 „
342 747 2391 945 siudende andersbij daeween van d’ H: adm: Bijde wnest bijnt volgen
326 875 2614 1038 de schepen Voortwijck lantman, en Wet terammstel tot transport van dat Volk
26 929 224 1023 „—
689 976 1575 1129 na Javas eestcust aen geleijn
356 1072 2580 1247 om’t gebreck van salpeter n=a en ons tot nader tecrent uijt het patria, tegen
696 1182 1988 1355 de bantammers Hier te beter te tenforveren
1967 1217 2181 1351 2
337 1297 2603 1469 ts vers=o aen de tetourschepen der eerste besendinge tot 20. Januarij aenstuen.
652 1430 1262 1571 Hierop te houden
349 1524 1940 1676 Een mette laes te beendinge te laten samen gaen j
2686 1616 2945 1776 9420
301 1640 2201 1770 d’ Heeren M:r over engelant daer van mis voorAff adriste gesen
307 1746 2542 1914 tain bissee met onse Maccassaren ten eersten na Jndermaijo te laaten
2580 1792 2659 1966 „
723 1850 2138 2002 Voortgaan, met ’t schip 't Wapen van Briedelburg
2594 2006 2642 2125 „
356 1966 2595 2125 sonder egter Voor eens t elders in 'tlant, off na samadang op te trecken - -
325 2079 2914 2227 defleuijt de Lantnan aengeleijt Voorbanda, en Westeanistel Voor amboina „. 443
23 2107 275 2282 22: d„o
345 2197 2835 2330 en daerniet voor aff voor ijder van die provintien affte steeken 8000. uE: in paijeu. „ —
351 2325 2681 2465 omme soo haeft mogelijck van uijt den twijn op Javas oostlust derwaerts 't
589 2428 1070 2576 Voort tegaen.
349 2436 2350 2700 d Einaijor poleman lesest in saade van Jndia over seker tequest
357 2599 2575 2801 net versoek het oppergesagh over ’t 2werk op Javas oostcust aenijemant van
2605 2700 2901 2869 „ 494
654 2712 2129 2838 Hoogeraemsien maghblijven, En werden opgedragen
362 2803 2520 2963 Wanneer hij onderdat beleijt sijn uijtterste debloij mede belooft te besteden
369 2919 2306 3046 en anders sigh in Voorsz expeditie ten hoogsten besipaert te besinden
345 3028 2522 3189 de sloop de Nagtegael voor aff met advisen aen d H:r Huijt tesenden vogen de
2591 3133 2667 3242 „
688 3132 2331 3262 Comst van d' Emaijoor mettel nader tetrent &
362 3213 2689 3373 net notificatie dan d: h: huits opkomste ben Jndispositie &:a weit geconsetteen„
2678 3275 2917 3491 95:
384 3342 2306 3479 om dan de Commissie bij d’ Emaijor Poleman te doen opnemen.
388 3471 2510 3608 aarbij goed dispositie verweghien Haer Ed: niet dat sigh d’ H:r sidt
671 3569 1831 3738 ontijdigh van daer sal onttrecken . - - - .
395 3651 1968 3790 om dat daer aan omtren de Javanen veel zij gelegen
383 3731 2586 3938 't Wispelturigh gedoente van Craingibisson, en de macassaren op Lacappar
398 3866 2644 4069 J:s goetgevonden door Crain Dissee nogh een naderbrieffje met eeni gefijner
604 3993 1898 4141 Wertrouidelingen aen hun te doen schrijven
