3012 4495
29 -11 114 134 6
2726 183 2846 351 1.
130 166 258 377 6
579 262 2625 560 in perlaende van den overleden koipser tountgb
33 472 549 641 Somupe Hans
588 535 2837 717 Canderus, is goetgevonden weder op het schip Cunerica
32 572 585 699 Vermint in prans
50 663 519 765 van den Berleden
568 640 2884 832 de stellen, den schipper bans verunt. jongte bescheyden
49 717 590 825 Manningh Sanderus
31 774 584 933 op 't schip Antrica
523 769 2813 976 geweest op het afgeleyde, en verkoghte saghteden
566 917 1093 1084 Bansbal
580 1118 2877 1243 Joufer van Manipa. Ambonees Capitain, in dientt
42 1195 2919 1392 den Amboinser p:r der E: Comp:s al poor lange groote bederte gethoont
25 1371 561 1473 Jonchet voor an wij
590 1364 2751 1506 ende nu weder seen erndigh versogt hebbende
36 1432 482 1534 daad heboina
73 1499 429 1622 gebinert
579 1441 2877 1622 dim eens weder nad gem zijn landt de mogen keren.
586 1609 2920 1754 tot verrigstingh van zijn particuliere zaecken, aldaer
579 1707 2839 1889 en wel besonderlijck om zyn overleden moeder na
577 1819 2905 2000 's landss wijse der aerde de bestellen, soo is goe gevon„
592 1936 2760 2108 den. hem sulcx te accorderen, En toe te staen, mits
527 1959 615 2097 C
51 2088 597 2220 Onder Contnutie in
610 2083 2879 2246 blijvende continueren jn Comp: dienst, ende oock ge„
116 2191 603 2270 anp. Peeust, en on
50 2207 633 2342 Adrs Vender Herwaars
612 2230 2868 2348 houden op onse bogeerte weder herwaerts tekeren
48 2314 348 2409 teheeren
606 2333 2880 2507 gelijck hij oock aengenomen en belooft heeft te sullen
599 2486 880 2604 doen.
678 2579 2920 2816 De Heeren Raaden van India, op de bekentmakings
71 2630 613 2794 V H:r Jouw: gen:
66 2756 600 2872 Jvan Martsuijker
635 2728 2902 2904 van eene der Beembardiers, dat het niet zijn Ed:
57 2824 586 2932 legt op 't uijtters te
75 2896 465 3014 rankbedde
616 2852 2783 3038 de Hr Gouverneur generael, Joan Maetsuijcker.
614 2967 2901 3128 seer na op het eijnde begon te lopen. hun ujt de verga¬
615 3081 2917 3271 derings jn zijn Ed:s sloep kamer vervoegst. en aldaer
48 3194 594 3397 Endes gode hij
631 3212 2817 3393 het 2: overlijden van denselven gesien hebbende, zijn
614 3335 2934 3514 ont daer aen weder bij malkanderen gekomen, en hebben
648 3499 2659 3668 enparigelijck genomen de navolgende resolutie
863 3592 2664 3922 Savants omtrent de klocke seven uuren
86 3835 707 4006 Vergaderinge vae.
109 3961 635 4083 bij d' hebren
818 3912 2886 4095 twijle het zij geweest de aenbiddeliycke wille
130 4040 401 4157 beloght
2559 4092 2724 4214 dis
