3185 4695
2871 67 2980 265 2
1029 297 1839 523 Augustij.
893 301 1082 519 E
11 475 3030 675 5. d„o den Dijs, van 50 l: b: amphioen voor batavia Intgeseel telaten voedoen d:o 247:
358 636 2669 762 en ’t Verloeren van Particuliere amphioen in bengale net allekracht teweeren
2702 634 2847 787 „
356 736 2261 890 en daer toe ginder een scher Placcaet te doen Emaneren..
2707 823 2880 979 „—
181 828 1896 994 op pane van deportement; en arbitrale Corpectie
2728 916 3064 1075 „ 295
358 957 2535 1059 den bengaelzen zuijcker Eijkch voorpersia Wat suijm te laten voldoen . . . . .
180 979 306 1108 „
356 1043 2768 1188 ’t fendement der suijckeren, doeken &=a Jaeilijx uijt persia weder in Zontanten
2697 1108 2856 1268 „
2289 1152 2407 1232 „ „
631 1135 1731 1289 na bengale te doen bestellen . . . . . .
2713 1244 2848 1395 „ —
164 1191 359 1363 —
338 1189 2422 1371 den oudercoopman Joan:s Noos uijt bengale te doen hetwaerts komen
2538 1272 2604 1359 3
139 1340 2614 1514 — d' pp:s Coopluijden Jnroupatta beligale en Cornandel niet Hooge tegagieren
656 1444 1313 1575 als tot 80. ge: . . . . . .
207 1512 2637 1713 Maerdie in amboina banda Ternaten, L:r natijts Expicatie tot 100. guld.
2721 1610 2788 1782 „
629 1661 1218 1788 onder meer
178 1713 2743 1934 d'onhos ten der begraeffenisse van d’ E:r gem: Mlaitsuijker L: M: volgens ordre
2696 1855 3018 2033 „ 249.
576 1873 2544 2041 der Heeren wij: door de cuijathus off erffgenamen te latenn voldoen
160 2014 2695 2148 mits het gene uijt de packhuijsen is gebruijckt niet Hooger als den Jnkoop
592 2083 1573 2218 sal werden in 'tercq. gebracht
318 2183 2741 2336 en ’t geconsumeerde buskruijt, Wijn n: op feecq. van Conmuptie werden
637 2278 1915 2446 affgeschrevven - - - - - - - - - - „ - - - - -
325 2386 2241 2508 tot meerder werngh van allen verboden, handel alhier- --
329 2488 2749 2630 Hsverstaen het placcaet tegen den aenbrengh van keende lleeden, enamphioen
2725 2529 3015 2702 „ 250.
639 2571 1623 2708 nader te doen amplieren..
2403 2588 2483 2672 3
326 2618 2570 2823 alle aenkomend trende tlegotianten haer Largaspenen ten eers ten
2413 2772 2812 2892 -
634 2766 1350 2889 te doen opgeen - - „
95 2805 2708 3022 Combaeruijt ’t geen de Comp: mosite dienstigh zijn tot Een tedelijcke twijs
2604 2914 2871 3102 k
1491 2948 1868 3082 -- „ . --
656 2945 1335 3080 aen tenemen
339 3044 2777 3185 en de fist dat de Comp: niet kan prejndicere, onder deoj te doen verkoopen.„
304 3160 2716 3318 Banstele  Joan:s Truijtmans, en Eliabet vander heerder een stuckje
634 3256 1693 3411 lants in Eijgendom verleent -.
2447 3349 3016 3521 ..  . „ 251
56 3344 1487 3526 9. d„o onder de besoingies van malacca - .
294 3475 2810 3613 Is verstien de mooren daer sonder onse passen verschijne dg in arrest te houden - - „
2705 3585 2814 3705 „
159 3605 2258 3732 tot daer op ordre van hier Erert verbocht - - - - - - - . . . . . . . .
325 3706 2439 3848 Maer de mel onse off Engels: off deenze passen sijnsterdien te gedogen
313 3773 2468 3956 mitsaens sarts 20. p:r P:r thoe: voor in, en uijtvoer betalende.
240 3913 2727 4074 limitatie van de borgervaert tot Malacca allen op de maleijtze plaetsjes daer
2720 3976 2990 4131 „ 255.
678 3998 1621 4143 om her gelegen, sonder meer.
341 4105 1691 4274 en met geen andie als Comp:s lijwaten
