3092 4643
20 28 211 167 304
276 163 514 360 304
32 1037 503 1243 eshopen dat
19 1178 609 1310 banta ’t seght en beste
15 1265 613 1372 der Mattaramze princen
17 1342 518 1480 mede sal voorstae
20 2228 541 2418 den Jongen sulthan
24 2362 538 2464 salmen eerst dense
16 2404 580 2587 meijninge voorhouden
25 2739 571 2884 omte ondernden off
14 2845 618 2951 nodigh is bij de nden na
18 2911 596 3042 Aurtasf oock te gaen, —
30 2982 252 3102 Off iet
17 3241 611 3414 over't steelen der slaven
8 3367 602 3486 onser Ingesetenen mede
7 3438 548 3595 Enstighte klagen
597 3286 657 3380 e
2557 368 2697 503 52
633 567 2863 771 volgens deude candact indes gereghtigwijt tegen
606 752 2793 919 sijne keweelen en vhaanden te adsisderen, en waerom
633 887 2755 1075 wij derhaeven van de bantantse zijde, tot conseivatie
725 1014 2844 1202 en onszoude mineschap, blijven verhopen, en verwagtten
643 1158 2870 1316 dat zij ons in dese goede saecke sullen telgen, om het secht
608 1303 2846 1514 der oude mattaramze princen voorte saen, die wij alles
635 1430 2859 1600 in tgemeen altoos eijders Intrest nae de billjckheijt hebben
629 1602 2756 1798 en alsnogh blijven betraghten, souderden vangevan
642 1732 2823 1922 vougate omtrent sijn koght en welvaaren Ergens pnte
634 1851 2901 2040 te willen verkorten, soo hij maer naer onsen goeden vaedt
625 2014 2869 2226 wil luijsteren, en sigh volgens leden onplicht sijn onder
623 2159 2714 2402 broeders heerschappue onderwerpen; 't weecke dan
635 2291 2856 2526 sodanigh vooreers den Jongen bantamzen bulthan
630 2465 2643 2695 sal voorgehouden, en als dan best van hem konnen
618 2649 2706 2853 verstaen werden, of het oock nodigh sal wesen dat
658 2803 2846 2973 S: van dijck bij den ouden Comnck naer sustiassa opgae
638 2960 2618 3155 ofte niet; gelijck yn oock met eenen cons weder
645 3108 2709 3263 Ernstigh aen gem: hof moet worden geklaaght, over
636 3232 2869 3411 het steelen, onpervoeren vande slaeven onser ngesetenen,
615 3368 2837 3620 door Gemolte bantamze polckeren, en. waerine zij
628 3546 2933 3722 lightelijck goede ordre konnen stellen alsse het maer met
638 3729 1673 3896 Ernstcomen te meijnen
610 3855 2804 4093 Pullende wijders den Coosman van Lijck oock
2790 250 3064 388 P
