3083 4604
2723 -5 2943 148 315
2743 203 2964 385 315
1237 739 1369 875 de
199 864 574 1019 ndri
1462 885 1534 993 d
2375 805 3031 1026 dn de van en pomt
2390 979 2993 1059 drijs over tesenden, na
148 978 666 1148 maaksmand
1162 989 1735 1127 de deshne
2022 975 2129 1150 170
2400 1040 3000 1153 emaate onser maght
2386 1109 2946 1238 e nu Op Cheijlon is
139 1086 802 1247 aend Ba
993 1109 2149 1293 e so ale deselve bijnistie
68 1219 350 1366 .
570 1213 741 1385 d
926 1209 2154 1399 et dersaerds odegaet. stnken
158 1373 3044 1527 geeeneeer dt u gedruckd: dewijle de vijstekeinge onder de hutehinig den
2330 1501 3025 1613 Janneellanden voort eerfte
184 1504 2290 1664 en behondenisse der alimbel landen od 't schaude
2364 1577 2938 1674 Hooftpoinct op Cheijlou
2363 1633 2781 1759 Behouden wert
222 1606 2375 1817 Eijten aie hol Eende bossepoinct voor al zij: dien sa
187 1727 2187 1930 vande genetaele ompag:t Hooghuddigh geoordocht
190 1885 943 2062 en gehonden er
144 2044 2329 2233 Ende also de landen en condes bij voors: de se de
2396 2092 3051 2274 de Corles en Landen voorijden
2424 2240 3058 2358 (Iaer geresolveert aen Hagia
193 2208 2409 2340 van Haugus n a:o pass:o goetgevonden een fagia ijnge
2417 2304 2939 2455 Singa in te kuijmen
141 2311 2322 2500 weder in te suijnen din t doen overdeven (en van
169 2444 2353 2656 dewelcke den bct gouv:r van geens en saede ookk
184 2606 2350 2765 dl presentierde tot minnelijxkde wperhaate deboon
2423 2709 2969 2875 Loolange hij die niet
184 2766 2397 2951 doer doen) det nogh door niemande uijt sine vlauw
2403 2849 3030 2956 behoorlijck last overnemen
2406 2915 2984 3030 off aenvaerden voor alle
195 2889 2347 3067 sijn revendeert, ofde aensaert, maer da deselve
2409 2978 3005 3077 Rovers, en stroopers te
2424 3036 2825 3141 doen beschemen
174 3024 2306 3206 piesent van pattije stroopers, en schelmen werden
181 3185 2249 3349 deroeft, beledight, en geruineert, soo is als nu
232 3329 2381 3526 deresolveert, onaengesien de ontinuatie 7 onimae
155 3510 2432 3673 aen Cagia in onse presenentie deschogen met behoorlijk
179 3628 2314 3829 Tathoen nogh te blijven volharden, dat nien Dgnden
218 3790 2385 3995 soo lange dat niet en geschiet de stroopers, die niet t
194 3953 2270 4149 buiten weten en tost van ge beijden Coninck daer
2038 4135 2358 4279 gevonden
