2984 4524
202 51 475 301 68:
1291 54 1886 401 Novender
15 382 2916 534 28: d:o den boekhouder Willem Sabelaer sal met derwaerts gaen afs 2:e van dat Cont:r A: 457.
254 520 2569 653 om de uijtterheijt en suspitie wegens de agter fallige boedel van den verseden
2349 615 2492 731 .
579 601 1804 719 Jambijzen tesidentnt pot - -.
260 656 2374 864 ts goetgesonden de daer gewese ministers, dick nieur. Adam Easterman
567 793 2538 909 anonj mina tot nader Bvan voordinge te doen herwaerts connen
2599 765 2891 941 „ 458.
279 850 2547 1023 den ondercoopman Joan: Beijnen inplaets van op Palembangh: nu als becunde
2605 953 2729 1066 „
596 982 1628 1097 ten comire Jambij te gebruijcken.
2590 1028 2722 1211 „ -
258 1062 1694 1200 Jambij Vooraen geen grooten omslaghte Houden
2610 1156 2815 1287 „ —
276 1158 1688 1308 en daar sonderschulden bemaeken te stegttieren
284 1222 2573 1417 dogh Egter d’oude en Jonge Coninck de verklaaren, dat wij die oudetedende niet
2594 1358 2662 1462 „
544 1369 983 1480 sulden Terlaten
2588 1454 2677 1576 „
255 1411 1407 1607 soo langemen dadr proffijd kandoen.
2558 1547 2651 1677 „
259 1549 1969 1713 de schulden der Coningen met de poperthollen te vereffchien
2587 1695 2640 1777 „
275 1663 2117 1806 't betalen der Hoebafoeba natoude Jambijze Contract de obzessteren
288 1782 2044 1907 de beriarde schult van den Jambijzen pang van die patlagaar
2569 1763 2840 1927 „ 459
276 1854 1586 2024 op ’t gevoeghelijxde met den selven te berefsenen
2574 2006 2802 2100 „ —
246 1946 2242 2124 „alle onser borgn off Inlandze factoors van Janmbij de doen des logieren
2567 2083 2693 2201 „
258 2088 1815 2223 om dat hun die baert mede enemael zij verboden
281 2138 2532 2321 de stucken ten laste van den Palembangzen besident schilhoorn: oeerte senden. d:t
581 2302 1313 2455 in dighien konnen dienen
150 2383 2530 2534 den gewesen schind pieter schuijstangh sal daer des nodigh, nog Wel Eenigen tijt
2549 2446 2648 2611 „
583 2500 1307 2645 mogen werden aengehouden
287 2602 2563 2742 de Justicie door den Commissaris van Leene Jongst. Palembangh gelaten
2576 2662 2647 2769 „
985 2699 1323 2821 eans
576 2707 1004 2840 geapribeert
2562 2811 2716 2911 „ —
98 2747 2514 2958 de Comp: mees daer en a Palembang aen den Co: in geen nieinte schulden geraeken
253 2909 2481 3052 en gem: Conime predentie van 3000. P. Negens oude seperthollen, tegens
2560 2959 2832 3118 „ —
577 2999 1684 3146 andre schulden o tbestete bereffchien
283 3090 1881 3257 op de buijverhejt des pepers in den ontfangh te letten
282 3189 2546 3370 en vane sngst gonde groote rwich en vijlighejt op deselven den Coinch
2550 3249 2834 3423 „460
556 3316 1753 3466 bij een bieffge notificatie tepen - -
117 3413 2476 3556 dgansbaermaden der ede andzoonne, envoldogn der seprt sollen
2541 3524 2657 3655 „
548 3536 2465 3669 metcteere Palebang vooreerst nogh niet kort aendringen
2554 3623 2640 3739 „
162 3624 1753 3788 Maerlieser rtijtsic afftevhen.
2504 3727 2609 3847 2
309 3762 2545 3903 sndverleenen der bedonge passen aanden enenk t Gaesbaen als mogelijk
2535 3857 2638 3989 „
590 3862 1126 3989 te handelen
278 3905 2176 4081 „en niet na macassat, bina, off eenige plaetzen om d’oos I:
313 4075 2535 4207 deitte peper voors palia voorien  Palembang Jnsfadis ten op Cgib:
553 4175 1006 4308 te doen deorgen
234 4267 319 4444 d
1998 4345 2132 4494 1
