<?xml version="1.0" encoding="UTF-8" standalone="yes"?>
<PcGts xmlns="http://schema.primaresearch.org/PAGE/gts/pagecontent/2013-07-15" xmlns:xsi="http://www.w3.org/2001/XMLSchema-instance" xsi:schemaLocation="http://schema.primaresearch.org/PAGE/gts/pagecontent/2013-07-15 http://schema.primaresearch.org/PAGE/gts/pagecontent/2013-07-15/pagecontent.xsd">
    <Metadata>
        <Creator>prov=University of Rostock/Institute of Mathematics/CITlab|PLANET AI GmbH/Gundram Leifert/gundram.leifert@planet-ai.de:name=Dutch Mountains (18th Century)(htr_id=21683)::::v=2.6.6
prov=University of Rostock/Institute of Mathematics/CITlab|PLANET AI GmbH/Tobias Gruening/tobias.gruening@planet-ai.de:name=de.uros.citlab.module.baseline2polygon.B2PSeamMultiOriented:v=2.6.6
prov=University of Rostock/Institute of Mathematics/CITlab|PLANET AI GmbH/Tobias Gruening/tobias.gruening@planet-ai.de:name=/net_tf/LA73_249_0mod360.pb:de.uros.citlab.segmentation.CITlab_LA_ML:v=2.6.6
Transkribus</Creator>
        <Created>2020-09-07T17:36:42.954+07:00</Created>
        <LastChange>2020-09-07T15:18:00.477+02:00</LastChange>
        <TranskribusMetadata docId="471980" pageId="19528051" pageNr="16" tsid="39436912" status="IN_PROGRESS" userId="15017" imgUrl="https://files.transkribus.eu/Get?id=LWQCOHWRBLJBAKBSQRPFFQVV&amp;fileType=view" xmlUrl="https://files.transkribus.eu/Get?id=OMDGLTHVQFLYHWXUXOLBMQEM" imageId="15087888"/>
    </Metadata>
    <Page imageFilename="ID-ANRI_K66a_890_16.jpg" imageWidth="3062" imageHeight="4503">
        <ReadingOrder>
            <OrderedGroup id="ro_1620456078111" caption="Regions reading order">
                <RegionRefIndexed index="0" regionRef="r1"/>
                <RegionRefIndexed index="1" regionRef="r2"/>
                <RegionRefIndexed index="2" regionRef="r3"/>
            </OrderedGroup>
        </ReadingOrder>
        <TextRegion orientation="0.0" id="r1" custom="readingOrder {index:0;}">
            <Coords points="48,0 48,145 108,145 108,0"/>
            <TextLine id="r1l1" custom="readingOrder {index:0;}">
                <Coords points="29,163 46,164 63,151 67,155 88,136 121,141 128,-7 68,-3 58,-14 38,-15"/>
                <Baseline points="48,92 78,95 108,95"/>
                <TextEquiv>
                    <Unicode>6.</Unicode>
                </TextEquiv>
            </TextLine>
            <TextEquiv>
                <Unicode>6.</Unicode>
            </TextEquiv>
        </TextRegion>
        <TextRegion orientation="0.0" id="r2" custom="readingOrder {index:1;}">
            <Coords points="51,484 51,4163 2948,4163 2948,484"/>
            <TextLine id="r2l1" custom="readingOrder {index:0;}">
                <Coords points="727,642 2713,567 2810,514 2808,417 1682,396 1232,463 1066,409 724,483"/>
                <Baseline points="741,566 843,566 946,566 1048,566 1151,565 1254,564 1356,561 1459,560 1561,558 1664,555 1767,552 1869,550 1972,547 2074,545 2177,542 2280,539 2382,537 2485,534 2587,533 2690,531 2793,530"/>
                <TextEquiv>
                    <Unicode>Lijnsdagh 10:' Ianuarij 1678.</Unicode>
                </TextEquiv>
            </TextLine>
            <TextLine id="r2l2" custom="readingOrder {index:1;}">
                <Coords points="654,1013 2759,996 2807,861 1888,914 1392,851 1316,910 1196,818 651,834"/>
                <Baseline points="672,977 778,975 884,974 990,973 1096,972 1202,971 1308,969 1414,968 1520,966 1626,965 1732,963 1838,961 1944,959 2050,957 2156,954 2262,953 2368,950 2474,947 2580,945 2686,942 2793,939"/>
                <TextEquiv>
                    <Unicode>1s na deliberatie goetgevonden ende verstaen met</Unicode>
                </TextEquiv>
            </TextLine>
            <TextLine id="r2l3" custom="readingOrder {index:2;}">
                <Coords points="38,1074 254,1090 277,1068 325,1087 385,1068 423,1097 472,1065 590,1057 632,1090 691,1057 689,1003 638,995 566,937 445,951 362,907 286,930 241,911 119,970 34,956"/>
                <Baseline points="56,1070 88,1069 121,1068 153,1067 186,1067 218,1065 251,1065 284,1064 316,1064 349,1062 381,1062 414,1061 446,1060 479,1058 512,1057 544,1055 577,1053 609,1051 642,1047 675,1046"/>
                <TextEquiv>
                    <Unicode> E: Cs Prak</Unicode>
                </TextEquiv>
            </TextLine>
            <TextLine id="r2l4" custom="readingOrder {index:3;}">
                <Coords points="46,1141 1721,1177 2773,1082 2771,991 2582,955 45,1084"/>
                <Baseline points="63,1148 197,1137 332,1129 466,1121 601,1115 736,1109 870,1104 1005,1100 1140,1097 1274,1094 1409,1091 1544,1089 1678,1088 1813,1085 1948,1085 2082,1083 2217,1082 2352,1080 2486,1079 2621,1077 2756,1074"/>
                <TextEquiv>
                    <Unicode>metten desten dan den eersten van Javas, oosteust op te roepen den E H:r</Unicode>
                </TextEquiv>
            </TextLine>
            <TextLine id="r2l5" custom="readingOrder {index:4;}">
                <Coords points="54,1242 121,1213 159,1239 246,1234 286,1212 431,1226 511,1197 549,1206 547,1145 456,1137 413,1152 351,1133 302,1158 234,1143 204,1171 122,1136 52,1147"/>
                <Baseline points="72,1206 97,1206 123,1206 148,1206 174,1206 200,1206 225,1206 251,1205 276,1205 302,1204 328,1203 353,1202 379,1201 404,1200 430,1199 456,1198 481,1197 507,1197 533,1196"/>
                <TextEquiv>
                    <Unicode>Javas Oostcust</Unicode>
                </TextEquiv>
            </TextLine>
            <TextLine id="r2l6" custom="readingOrder {index:5;}">
                <Coords points="647,1288 2812,1238 2863,1109 644,1150"/>
                <Baseline points="662,1236 771,1235 880,1232 990,1230 1099,1228 1208,1226 1318,1223 1427,1221 1536,1218 1646,1217 1755,1214 1864,1212 1974,1209 2083,1208 2192,1206 2302,1203 2411,1202 2520,1201 2630,1200 2739,1200 2849,1199"/>
                <TextEquiv>
                    <Unicode>Corneis te peelman, soolom dese vergaderiagt de ver</Unicode>
                </TextEquiv>
            </TextLine>
            <TextLine id="r2l7" custom="readingOrder {index:6;}">
                <Coords points="58,1316 118,1297 176,1320 235,1288 277,1317 330,1296 374,1318 563,1307 597,1327 630,1319 628,1222 578,1230 510,1197 446,1226 284,1213 214,1238 119,1213 56,1232"/>
                <Baseline points="74,1274 100,1274 127,1274 154,1275 181,1275 208,1275 235,1274 261,1274 288,1274 315,1274 342,1272 369,1272 396,1271 423,1270 449,1269 476,1268 503,1267 530,1266 557,1265 584,1263 611,1262"/>
                <TextEquiv>
                    <Unicode>herwarts op ’t stoepen</Unicode>
                </TextEquiv>
            </TextLine>
            <TextLine id="r2l8" custom="readingOrder {index:7;}">
                <Coords points="647,1416 1827,1344 2539,1385 2740,1319 2738,1259 2360,1224 1887,1293 1774,1238 644,1285"/>
                <Baseline points="662,1358 770,1358 878,1358 987,1358 1095,1356 1203,1355 1312,1352 1420,1350 1528,1347 1637,1344 1745,1341 1854,1337 1962,1334 2070,1331 2179,1328 2287,1325 2395,1322 2504,1320 2612,1318 2721,1317"/>
                <TextEquiv>
                    <Unicode>sereken, ende met zijn d: ervarentheijt bij te</Unicode>
                </TextEquiv>
            </TextLine>
            <TextLine id="r2l9" custom="readingOrder {index:8;}">
                <Coords points="650,1553 2218,1454 2859,1515 2857,1407 2594,1348 648,1418"/>
                <Baseline points="666,1475 774,1475 883,1475 992,1475 1100,1473 1209,1472 1318,1470 1426,1467 1535,1466 1644,1463 1753,1461 1861,1458 1970,1455 2079,1454 2187,1451 2296,1449 2405,1449 2513,1449 2622,1449 2731,1451 2840,1452"/>
                <TextEquiv>
                    <Unicode>woonen als wel voornamentlijck om te bekleden</Unicode>
                </TextEquiv>
            </TextLine>
            <TextLine id="r2l10" custom="readingOrder {index:9;}">
                <Coords points="647,1618 2031,1587 2257,1655 2341,1580 2809,1588 2808,1510 2457,1454 1616,1539 1214,1473 646,1544"/>
                <Baseline points="663,1599 769,1599 875,1599 982,1598 1088,1598 1195,1596 1301,1595 1408,1593 1514,1592 1621,1590 1727,1589 1833,1587 1940,1586 2046,1584 2153,1583 2259,1581 2366,1580 2472,1578 2579,1577 2685,1577 2792,1575"/>
                <TextEquiv>
                    <Unicode>en waerte nemen het at van eerste raads—</Unicode>
                </TextEquiv>
            </TextLine>
            <TextLine id="r2l11" custom="readingOrder {index:10;}">
                <Coords points="34,1641 94,1620 303,1629 352,1605 415,1629 524,1599 624,1640 617,1509 551,1537 448,1509 350,1562 254,1537 215,1559 146,1526 123,1551 72,1531 29,1550"/>
                <Baseline points="51,1617 78,1616 106,1615 134,1613 162,1612 189,1611 217,1608 245,1607 273,1604 300,1602 328,1600 356,1597 384,1596 411,1595 439,1593 467,1592 495,1590 522,1590 550,1590 578,1590 606,1590"/>
                <TextEquiv>
                    <Unicode>om het Ampt van</Unicode>
                </TextEquiv>
            </TextLine>
            <TextLine id="r2l12" custom="readingOrder {index:11;}">
                <Coords points="68,1696 112,1687 150,1706 280,1673 331,1697 377,1668 433,1703 469,1684 574,1706 607,1688 603,1604 485,1606 466,1624 382,1624 354,1602 308,1628 65,1629"/>
                <Baseline points="84,1680 109,1679 134,1677 159,1676 184,1674 210,1673 235,1671 260,1670 285,1668 310,1667 336,1665 361,1664 386,1663 411,1662 436,1661 462,1660 487,1659 512,1659 537,1659 562,1659 588,1659"/>
                <TextEquiv>
                    <Unicode>directeur Generael te</Unicode>
                </TextEquiv>
            </TextLine>
            <TextLine id="r2l13" custom="readingOrder {index:12;}">
                <Coords points="620,1747 2294,1776 2967,1731 2965,1630 1824,1683 1381,1602 1258,1686 1078,1632 868,1695 617,1630"/>
                <Baseline points="636,1739 751,1740 867,1742 982,1742 1098,1742 1214,1740 1329,1739 1445,1737 1560,1734 1676,1731 1792,1728 1907,1724 2023,1721 2138,1716 2254,1713 2370,1709 2485,1706 2601,1703 2716,1700 2832,1698 2948,1695"/>
                <TextEquiv>
                    <Unicode>en directeur generael, van India, agster volgende.</Unicode>
                </TextEquiv>
            </TextLine>
            <TextLine id="r2l14" custom="readingOrder {index:13;}">
                <Coords points="72,1783 113,1798 146,1783 180,1792 199,1770 232,1759 356,1739 354,1689 300,1691 272,1676 202,1693 175,1687 155,1705 124,1680 67,1696"/>
                <Baseline points="87,1737 112,1739 137,1740 162,1740 187,1739 212,1738 237,1736 262,1733 287,1731 312,1730 338,1727"/>
                <TextEquiv>
                    <Unicode>bekleeden</Unicode>
                </TextEquiv>
            </TextLine>
            <TextLine id="r2l15" custom="readingOrder {index:14;}">
                <Coords points="567,1865 2854,1892 2850,1697 2407,1787 1369,1734 1209,1815 564,1740"/>
                <Baseline points="585,1862 697,1860 809,1859 922,1859 1034,1857 1147,1856 1259,1854 1372,1854 1484,1853 1597,1850 1709,1848 1821,1847 1934,1845 2046,1842 2159,1839 2271,1835 2384,1832 2496,1827 2609,1823 2721,1817 2834,1811"/>
                <TextEquiv>
                    <Unicode>de ordre der Ed:e Heeren, onse principalen bij</Unicode>
                </TextEquiv>
            </TextLine>
            <TextLine id="r2l16" custom="readingOrder {index:15;}">
                <Coords points="641,2041 1926,1961 2083,2029 2792,1980 2865,1901 1874,1854 939,1941 638,1873"/>
                <Baseline points="657,1986 766,1985 876,1985 985,1983 1095,1982 1205,1980 1314,1977 1424,1976 1534,1973 1643,1971 1753,1968 1863,1965 1972,1963 2082,1961 2192,1958 2301,1955 2411,1953 2521,1950 2630,1949 2740,1947 2850,1946"/>
                <TextEquiv>
                    <Unicode>hunne missive van 21:e octooer 1676: uijt gedruckt</Unicode>
                </TextEquiv>
            </TextLine>
            <TextLine id="r2l17" custom="readingOrder {index:16;}">
                <Coords points="648,2142 2813,2062 2811,2002 2574,1956 2351,2038 1807,1972 1336,1982 1048,2076 646,2044"/>
                <Baseline points="663,2109 769,2109 876,2109 982,2108 1089,2106 1196,2103 1302,2102 1409,2099 1516,2094 1622,2092 1729,2088 1836,2085 1942,2082 2049,2079 2156,2078 2262,2075 2369,2075 2476,2073 2582,2073 2689,2075 2796,2076"/>
                <TextEquiv>
                    <Unicode>waer na dan oock gesproken zijnde van den per</Unicode>
                </TextEquiv>
            </TextLine>
            <TextLine id="r2l18" custom="readingOrder {index:17;}">
                <Coords points="643,2245 1436,2297 1717,2212 2261,2257 2828,2179 2826,2105 2566,2091 2073,2143 1835,2088 1595,2185 1428,2105 641,2151"/>
                <Baseline points="660,2225 767,2228 875,2230 982,2231 1090,2231 1197,2229 1305,2226 1412,2223 1520,2220 1627,2216 1735,2211 1843,2208 1950,2204 2058,2199 2165,2196 2273,2193 2380,2192 2488,2190 2595,2190 2703,2192 2811,2195"/>
                <TextEquiv>
                    <Unicode>soon, om den gemelte E:o Heere speelman, te ver</Unicode>
                </TextEquiv>
            </TextLine>
            <TextLine id="r2l19" custom="readingOrder {index:18;}">
                <Coords points="648,2381 2796,2348 2844,2243 1998,2200 1888,2283 1611,2225 1458,2310 645,2273"/>
                <Baseline points="665,2349 773,2351 881,2352 989,2352 1097,2352 1206,2349 1314,2348 1422,2345 1530,2342 1638,2339 1747,2335 1855,2331 1963,2328 2071,2324 2179,2322 2288,2319 2396,2318 2504,2316 2612,2316 2720,2316 2829,2319"/>
                <TextEquiv>
                    <Unicode>vangen, en op wien het vervolgh van saecken op</Unicode>
                </TextEquiv>
            </TextLine>
            <TextLine id="r2l20" custom="readingOrder {index:19;}">
                <Coords points="648,2546 1310,2457 1453,2539 2010,2459 2402,2505 2889,2464 2887,2369 1701,2341 1174,2423 1062,2362 922,2436 644,2378"/>
                <Baseline points="662,2486 772,2484 883,2481 993,2478 1104,2475 1214,2474 1325,2471 1435,2468 1546,2465 1656,2463 1767,2460 1878,2457 1988,2456 2099,2453 2209,2451 2320,2448 2430,2447 2541,2445 2651,2442 2762,2441 2873,2441"/>
                <TextEquiv>
                    <Unicode>gemelte Javas oostcust, net geistheijt soude konnen</Unicode>
                </TextEquiv>
            </TextLine>
            <TextLine id="r2l21" custom="readingOrder {index:20;}">
                <Coords points="668,2648 2884,2628 2881,2517 2729,2453 2124,2546 2008,2484 1771,2549 1500,2494 1404,2566 1244,2482 666,2537"/>
                <Baseline points="684,2609 793,2609 902,2608 1011,2607 1120,2606 1229,2605 1338,2603 1447,2601 1556,2600 1665,2598 1774,2595 1883,2594 1992,2591 2101,2588 2210,2586 2319,2583 2428,2580 2537,2577 2646,2575 2755,2571 2864,2568"/>
                <TextEquiv>
                    <Unicode>worden toe betrouwt, soo is goetgevonden daer toen</Unicode>
                </TextEquiv>
            </TextLine>
            <TextLine id="r2l22" custom="readingOrder {index:21;}">
                <Coords points="108,2662 173,2680 239,2657 298,2682 351,2654 505,2652 533,2674 580,2653 661,2657 658,2573 608,2584 529,2536 492,2548 430,2523 340,2553 271,2494 155,2535 104,2520"/>
                <Baseline points="126,2652 151,2652 177,2651 203,2650 229,2649 255,2648 281,2647 307,2646 333,2645 359,2645 385,2643 410,2642 436,2642 462,2640 488,2640 514,2639 540,2639 566,2637 592,2637 618,2637 644,2637"/>
                <TextEquiv>
                    <Unicode>V E Saakde suit</Unicode>
                </TextEquiv>
            </TextLine>
            <TextLine id="r2l23" custom="readingOrder {index:22;}">
                <Coords points="56,2730 133,2712 212,2751 261,2720 329,2718 356,2741 393,2713 471,2746 605,2706 659,2738 658,2654 590,2659 570,2639 493,2664 351,2654 311,2678 253,2659 102,2679 55,2656"/>
                <Baseline points="71,2706 99,2708 128,2709 156,2709 185,2711 213,2711 242,2711 270,2711 299,2709 327,2709 356,2709 385,2708 413,2707 442,2706 470,2705 499,2703 527,2702 556,2701 584,2700 613,2699 642,2697"/>
                <TextEquiv>
                    <Unicode>Martin 't vervolg van</Unicode>
                </TextEquiv>
            </TextLine>
            <TextLine id="r2l24" custom="readingOrder {index:23;}">
                <Coords points="683,2739 2906,2743 2904,2666 2566,2608 682,2682"/>
                <Baseline points="699,2738 808,2738 918,2738 1027,2738 1137,2736 1246,2735 1356,2733 1465,2730 1575,2728 1684,2725 1794,2723 1903,2720 2013,2717 2122,2714 2232,2712 2341,2710 2451,2708 2560,2708 2670,2708 2779,2708 2889,2708"/>
                <TextEquiv>
                    <Unicode>te nomineren, ende te verkiesen, den eersten. Capitain</Unicode>
                </TextEquiv>
            </TextLine>
            <TextLine id="r2l25" custom="readingOrder {index:24;}">
                <Coords points="70,2796 276,2784 319,2818 353,2784 390,2808 535,2782 565,2803 643,2793 643,2716 606,2705 482,2745 394,2714 212,2750 132,2712 71,2732"/>
                <Baseline points="89,2777 115,2777 142,2776 169,2775 196,2775 223,2775 250,2775 277,2775 304,2775 331,2775 358,2777 384,2777 411,2777 438,2777 465,2777 492,2778 519,2778 546,2778 573,2778 600,2780 627,2780"/>
                <TextEquiv>
                    <Unicode>saaken op Javas oost„</Unicode>
                </TextEquiv>
            </TextLine>
            <TextLine id="r2l26" custom="readingOrder {index:25;}">
                <Coords points="73,2859 268,2869 369,2849 399,2872 500,2845 558,2865 628,2855 628,2791 564,2805 541,2781 409,2805 352,2781 339,2795 322,2778 238,2781 73,2812"/>
                <Baseline points="90,2849 116,2847 142,2846 168,2846 194,2844 220,2844 246,2844 272,2844 298,2843 324,2843 351,2843 377,2843 403,2843 429,2843 455,2844 481,2844 507,2844 533,2846 559,2846 585,2847 612,2847"/>
                <TextEquiv>
                    <Unicode>„Cust aenbevolen, als</Unicode>
                </TextEquiv>
            </TextLine>
            <TextLine id="r2l27" custom="readingOrder {index:26;}">
                <Coords points="677,2937 2892,2851 2867,2717 2398,2803 2045,2723 1799,2808 1651,2732 1074,2814 985,2746 672,2765"/>
                <Baseline points="692,2891 801,2889 910,2888 1019,2886 1128,2883 1237,2880 1346,2876 1455,2872 1564,2867 1673,2862 1782,2858 1891,2853 2000,2850 2109,2846 2218,2843 2327,2840 2436,2837 2545,2835 2654,2835 2763,2835 2873,2837"/>
                <TextEquiv>
                    <Unicode>Bracg de L:r Martin: onder Caracter van Command:r</Unicode>
                </TextEquiv>
            </TextLine>
            <TextLine id="r2l28" custom="readingOrder {index:27;}">
                <Coords points="77,2933 127,2944 205,2917 235,2937 329,2911 423,2931 484,2915 625,2929 626,2855 508,2864 454,2847 390,2867 360,2847 235,2843 171,2870 77,2856"/>
                <Baseline points="93,2915 118,2913 144,2911 170,2909 196,2909 222,2907 247,2907 273,2907 299,2907 325,2909 351,2909 376,2909 402,2910 428,2910 454,2912 480,2912 505,2912 531,2912 557,2912 583,2911 609,2910"/>
                <TextEquiv>
                    <Unicode>Command: te water</Unicode>
                </TextEquiv>
            </TextLine>
            <TextLine id="r2l29" custom="readingOrder {index:28;}">
                <Coords points="74,2998 492,2979 535,3009 589,2997 590,2939 539,2912 455,2928 341,2913 243,2926 216,2909 111,2944 74,2934"/>
                <Baseline points="92,2973 117,2973 142,2973 167,2972 193,2972 218,2972 243,2972 268,2972 294,2972 319,2972 344,2972 369,2973 395,2973 420,2974 445,2975 470,2975 496,2976 521,2976 546,2977 572,2978"/>
                <TextEquiv>
                    <Unicode>en Chrijgs overstet</Unicode>
                </TextEquiv>
            </TextLine>
            <TextLine id="r2l30" custom="readingOrder {index:29;}">
                <Coords points="663,3041 2915,2968 2878,2855 2258,2845 661,2946"/>
                <Baseline points="678,3005 789,3005 900,3005 1011,3003 1122,3002 1233,3000 1344,2997 1455,2993 1566,2990 1677,2987 1788,2982 1899,2978 2010,2975 2121,2972 2232,2967 2343,2964 2454,2961 2565,2958 2676,2957 2787,2955 2898,2954"/>
                <TextEquiv>
                    <Unicode>te water en Crijgs overste te lande, zijnde denselven een</Unicode>
                </TextEquiv>
            </TextLine>
            <TextLine id="r2l31" custom="readingOrder {index:30;}">
                <Coords points="80,3058 107,3061 140,3045 177,3058 188,3048 214,3048 241,3062 275,3055 285,3045 309,3045 309,2995 282,2994 265,2978 201,2984 178,3001 154,2981 80,2980"/>
                <Baseline points="98,3029 125,3032 153,3033 180,3034 208,3035 235,3033 263,3032 291,3030"/>
                <TextEquiv>
                    <Unicode>lnde</Unicode>
                </TextEquiv>
            </TextLine>
            <TextLine id="r2l32" custom="readingOrder {index:31;}">
                <Coords points="670,3141 2858,3074 2855,2976 2754,2962 1722,3058 1552,2999 1217,3072 667,3040"/>
                <Baseline points="687,3117 794,3119 902,3119 1010,3119 1117,3117 1225,3116 1333,3113 1440,3110 1548,3107 1656,3104 1764,3099 1871,3095 1979,3092 2087,3088 2194,3084 2302,3080 2410,3077 2517,3074 2625,3072 2733,3071 2841,3069"/>
                <TextEquiv>
                    <Unicode>out dienaer, jnde politie en militie ervaeren, en die ons</Unicode>
                </TextEquiv>
            </TextLine>
            <TextLine id="r2l33" custom="readingOrder {index:32;}">
                <Coords points="673,3266 2876,3233 2873,3122 2276,3084 1773,3163 671,3141"/>
                <Baseline points="690,3228 798,3228 906,3227 1015,3227 1123,3225 1232,3224 1340,3222 1448,3219 1557,3218 1665,3216 1774,3213 1882,3210 1990,3207 2099,3204 2207,3201 2316,3198 2424,3195 2532,3192 2641,3188 2749,3185 2858,3182"/>
                <TextEquiv>
                    <Unicode>van zijne dapperheijt. genoegsame preuven gegeven</Unicode>
                </TextEquiv>
            </TextLine>
            <TextLine id="r2l34" custom="readingOrder {index:33;}">
                <Coords points="677,3376 718,3373 746,3351 777,3353 789,3365 839,3331 864,3360 871,3354 919,3385 946,3387 955,3276 917,3287 864,3272 852,3258 806,3278 757,3257 726,3262 687,3242"/>
                <Baseline points="698,3321 724,3326 750,3331 776,3334 802,3336 828,3336 854,3338 880,3339 906,3341 932,3342"/>
                <TextEquiv>
                    <Unicode>heeft.</Unicode>
                </TextEquiv>
            </TextLine>
            <TextLine id="r2l35" custom="readingOrder {index:34;}">
                <Coords points="676,3510 2222,3506 2601,3432 2815,3491 2888,3472 2885,3334 673,3386"/>
                <Baseline points="693,3480 801,3482 910,3483 1019,3483 1128,3483 1237,3483 1346,3482 1455,3479 1564,3477 1673,3474 1782,3471 1890,3467 1999,3464 2108,3460 2217,3456 2326,3452 2435,3449 2544,3444 2653,3441 2762,3437 2871,3434"/>
                <TextEquiv>
                    <Unicode>Tot over voer vant geeijschte voor de Cael de bonne</Unicode>
                </TextEquiv>
            </TextLine>
            <TextLine id="r2l36" custom="readingOrder {index:35;}">
                <Coords points="707,3619 1119,3668 2791,3574 2788,3473 2622,3441 2348,3526 1912,3464 1625,3543 1259,3482 705,3548"/>
                <Baseline points="722,3606 824,3606 927,3605 1029,3605 1132,3602 1235,3600 1337,3598 1440,3595 1542,3591 1645,3588 1748,3585 1850,3582 1953,3578 2055,3575 2158,3572 2261,3569 2363,3564 2466,3563 2568,3560 2671,3558 2774,3557"/>
                <TextEquiv>
                    <Unicode>Eperance, ende om met eenen te konnen dienen</Unicode>
                </TextEquiv>
            </TextLine>
            <TextLine id="r2l37" custom="readingOrder {index:36;}">
                <Coords points="682,3765 2934,3687 2906,3546 679,3664"/>
                <Baseline points="699,3728 809,3725 920,3720 1031,3717 1142,3713 1253,3708 1364,3704 1474,3699 1585,3695 1696,3690 1807,3686 1918,3682 2029,3678 2140,3675 2250,3671 2361,3669 2472,3668 2583,3666 2694,3665 2805,3665 2916,3666"/>
                <TextEquiv>
                    <Unicode>tot een voor zeijlder vande laeste retour schepen dess</Unicode>
                </TextEquiv>
            </TextLine>
            <TextLine id="r2l38" custom="readingOrder {index:37;}">
                <Coords points="81,3781 680,3765 678,3657 608,3658 516,3616 429,3631 352,3683 284,3636 187,3665 78,3613"/>
                <Baseline points="96,3761 124,3761 152,3761 180,3761 209,3760 237,3759 265,3759 294,3759 322,3759 350,3759 379,3758 407,3758 435,3758 463,3758 492,3756 520,3756 548,3755 577,3755 605,3753 633,3753 662,3752"/>
                <TextEquiv>
                    <Unicode>Hothende bode met</Unicode>
                </TextEquiv>
            </TextLine>
            <TextLine id="r2l39" custom="readingOrder {index:38;}">
                <Coords points="684,3875 2774,3810 2807,3655 2543,3726 2083,3675 1913,3743 681,3768"/>
                <Baseline points="699,3834 803,3831 908,3830 1013,3826 1117,3822 1222,3820 1327,3816 1431,3813 1536,3809 1641,3806 1746,3803 1850,3800 1955,3797 2060,3794 2164,3791 2269,3789 2374,3786 2478,3785 2583,3782 2688,3781 2793,3780"/>
                <TextEquiv>
                    <Unicode>saijsoens is goetgevonden, aen te leggen de stoeckien</Unicode>
                </TextEquiv>
            </TextLine>
            <TextLine id="r2l40" custom="readingOrder {index:39;}">
                <Coords points="92,3835 152,3821 213,3851 324,3819 398,3852 422,3832 519,3821 543,3837 603,3813 644,3850 681,3843 680,3765 657,3762 620,3779 535,3760 468,3774 414,3741 391,3765 91,3771"/>
                <Baseline points="108,3815 135,3815 163,3815 191,3815 219,3815 246,3813 274,3813 302,3813 330,3812 357,3810 385,3810 413,3810 441,3809 468,3809 496,3809 524,3809 552,3809 579,3810 607,3811 635,3812 663,3815"/>
                <TextEquiv>
                    <Unicode>eenige flootlijkheden</Unicode>
                </TextEquiv>
            </TextLine>
            <TextLine id="r2l41" custom="readingOrder {index:40;}">
                <Coords points="70,3886 223,3935 467,3888 536,3930 701,3919 698,3818 651,3836 425,3829 396,3850 328,3821 234,3841 68,3818"/>
                <Baseline points="87,3879 116,3881 146,3884 176,3884 206,3884 236,3884 266,3884 295,3882 325,3881 355,3881 385,3878 415,3877 445,3875 475,3873 504,3873 534,3872 564,3872 594,3870 624,3871 654,3872 684,3873"/>
                <TextEquiv>
                    <Unicode>voor de Caep angeluijt</Unicode>
                </TextEquiv>
            </TextLine>
            <TextLine id="r2l42" custom="readingOrder {index:41;}">
                <Coords points="696,3961 2817,3923 2815,3853 2572,3801 694,3874"/>
                <Baseline points="713,3938 817,3938 921,3938 1026,3938 1130,3936 1235,3935 1339,3932 1443,3930 1548,3926 1652,3924 1757,3920 1861,3917 1965,3914 2070,3910 2174,3908 2279,3904 2383,3902 2487,3900 2592,3899 2696,3897 2801,3897"/>
                <TextEquiv>
                    <Unicode>boot de bode den 17e: December des voorleden</Unicode>
                </TextEquiv>
            </TextLine>
            <TextLine id="r2l43" custom="readingOrder {index:42;}">
                <Coords points="721,4133 1501,4040 1623,4101 2895,4051 2892,3916 2774,3909 718,3975"/>
                <Baseline points="738,4058 844,4055 951,4052 1058,4050 1165,4047 1272,4045 1379,4043 1486,4041 1593,4040 1700,4037 1807,4035 1913,4034 2020,4031 2127,4029 2234,4026 2341,4023 2448,4019 2555,4015 2662,4011 2769,4006 2876,4001"/>
                <TextEquiv>
                    <Unicode>Jaers met den Commandeur Bubert Bugo pan't</Unicode>
                </TextEquiv>
            </TextLine>
            <TextLine id="r2l44" custom="readingOrder {index:43;}">
                <Coords points="2587,4199 2643,4183 2663,4162 2710,4164 2739,4136 2764,4159 2811,4171 2831,4160 2889,4168 2942,4149 2938,4042 2908,4029 2841,4055 2752,4021 2706,4060 2624,4019 2581,4031"/>
                <Baseline points="2601,4140 2627,4139 2654,4136 2681,4135 2708,4134 2735,4133 2762,4133 2789,4131 2816,4131 2843,4131 2870,4130 2897,4128 2924,4127"/>
                <TextEquiv>
                    <Unicode>Eijlands</Unicode>
                </TextEquiv>
            </TextLine>
            <TextEquiv>
                <Unicode>Lijnsdagh 10:' Ianuarij 1678.
1s na deliberatie goetgevonden ende verstaen met
 E: Cs Prak
metten desten dan den eersten van Javas, oosteust op te roepen den E H:r
Javas Oostcust
Corneis te peelman, soolom dese vergaderiagt de ver
herwarts op ’t stoepen
sereken, ende met zijn d: ervarentheijt bij te
woonen als wel voornamentlijck om te bekleden
en waerte nemen het at van eerste raads—
om het Ampt van
directeur Generael te
en directeur generael, van India, agster volgende.
bekleeden
de ordre der Ed:e Heeren, onse principalen bij
hunne missive van 21:e octooer 1676: uijt gedruckt
waer na dan oock gesproken zijnde van den per
soon, om den gemelte E:o Heere speelman, te ver
vangen, en op wien het vervolgh van saecken op
gemelte Javas oostcust, net geistheijt soude konnen
worden toe betrouwt, soo is goetgevonden daer toen
V E Saakde suit
Martin 't vervolg van
te nomineren, ende te verkiesen, den eersten. Capitain
saaken op Javas oost„
„Cust aenbevolen, als
Bracg de L:r Martin: onder Caracter van Command:r
Command: te water
en Chrijgs overstet
te water en Crijgs overste te lande, zijnde denselven een
lnde
out dienaer, jnde politie en militie ervaeren, en die ons
van zijne dapperheijt. genoegsame preuven gegeven
heeft.
Tot over voer vant geeijschte voor de Cael de bonne
Eperance, ende om met eenen te konnen dienen
tot een voor zeijlder vande laeste retour schepen dess
Hothende bode met
saijsoens is goetgevonden, aen te leggen de stoeckien
eenige flootlijkheden
voor de Caep angeluijt
boot de bode den 17e: December des voorleden
Jaers met den Commandeur Bubert Bugo pan't
Eijlands</Unicode>
            </TextEquiv>
        </TextRegion>
        <TextRegion orientation="0.0" id="r3" custom="readingOrder {index:2;}">
            <Coords points="2907,484 2907,649 3024,649 3024,484"/>
            <TextLine id="r3l1" custom="readingOrder {index:0;}">
                <Coords points="2890,594 2907,597 2928,617 2945,615 2973,636 3024,609 3041,611 3060,468 3037,461 2994,479 2982,467 2964,472 2952,463 2907,468"/>
                <Baseline points="2907,584 2936,585 2965,587 2994,593 3024,599"/>
                <TextEquiv>
                    <Unicode>2</Unicode>
                </TextEquiv>
            </TextLine>
            <TextEquiv>
                <Unicode>2</Unicode>
            </TextEquiv>
        </TextRegion>
    </Page>
</PcGts>
