3102 4639
2711 15 2953 179 323
2689 165 2911 341 32:
2853 162 2951 319 3
544 525 2256 729 kpags denaaren, deveniiceringe
2491 678 2932 858 been e eee
133 699 2265 879 zogen taend' onlandse dichaven op Peijlen, als tot
2342 830 3016 931 bock teenemete te doen
2333 876 2637 1030 gehouden
167 842 2285 1000 enemaee doen of houden van hoet onkosten alli
156 990 2275 1159 ksicnken buijden, die tot de ordrilar Hecutatie mogt
144 1114 2286 1329 Brnodigh tesen, dmerom na oock allen We
2387 1084 3057 1287 Gshegter het oden ee
2397 1253 3036 1354 Van Regombo en Manar
2350 1262 2994 1429 Amdeerttijk van Sten te
161 1243 2269 1494 gecondescendert dat het zooden wetcck tet dtegende
2375 1394 2749 1499 Immantelen
153 1392 2279 1597 manaer, door Lootsacke mettertijd van seen, sal ver
168 1560 650 1756 nmantoe
414 1711 2371 1861 e voor gestlde tordificatie on de wwee gelegentweijd
2384 1662 3044 1859 Aetificatie op Sonmril
2416 1808 3015 1938 ekte derliner
141 1819 2259 2024 hted Eijland ponecail is goet gevonden voorals nogh de
221 1965 3052 2122 deli en maer tdenwel voedes teenij dateeneee drie malt een der keeken aldas
2360 2026 3019 2127 in Platts van de bousallin
107 2099 2990 2303 dercken aldaer mits, de goede ituatie derladte ins tede logie tot tutucorin te
2421 2167 2761 2302 aprobeieeren
167 2239 2301 2430 van de bouwvalle ge logie tot budic in boenvan werden
158 2331 3044 2521 geapropreert; sillende snwijlen de nodige besettinge van de beseringe Jan Chibuu
2390 2466 3054 2619 d Heeren mrs voor Dragen
157 2512 2353 2709 Chiauw de Pp: Mr. nader werden borgedraagen, maet
153 2646 2157 2827 dier om het, en oock fondsomme dansoam der zee
2397 2652 3066 2839 den zoom der Lee op geijlen
2433 2784 3061 2882 tegen't Verver van Canel
147 2813 2970 2943 Insanderheijt mede o het benvoeren vanden Jannecechten auck doorgaens.
2371 2919 2886 3067 nauw te bekruijssen
153 2959 2420 3158 Hhetb n mett halok oen ’t gehede Caescln, door naerstigt
155 3088 2302 3267 dienen gekruijst, en op de bluijckerijen vande Jnlands
141 3226 2420 3451 Handelaats en Trangers van de ost onduarij boekhomende
2390 3324 3051 3566 tt De geite Patias
153 3386 2212 3626 vlauwkourigh gelet, gelick dan om dee tadenen, bood
2379 3467 3084 3614 iae of Pasrenpetene
2399 3578 3078 3695 en daert: off handel alt oos
188 3537 2282 3751 Vlegombo, als mede tot Patticald=s, Cotuls off
2338 3600 2742 3808 n bedogen
162 3683 2351 3919 Jaffanapatnam, geeij uijtlgussen vandel ofte vaert appoos„
180 3860 2382 4082 magh werden gefrequenteert en wwelckvoictpok met
175 4005 1470 4200 bigent sae dienen gemainctudeert
1826 4122 2354 4328 moetende
