3047 4522
70 431 301 611 13. lb:s
2150 81 2269 236 1.
1006 44 1697 434 Seen
307 325 2865 571 tia Lochim voor die van Calicoilan en den handel te presenenen - - . P„o 340:
305 506 1699 651 Hamoouw Voor de Comp: oock dienstigh.
2549 583 2657 693 „
310 551 2053 754 d'E Huijsman sal daer van nader advis hebben te geven
327 633 2487 854 en oock fagia Cochims versoeck om de halve thollen Jnderbillijckhijt.
2568 744 2758 883 „ —
629 804 1092 946 mogen affdoen
2566 845 2870 998 „ 341.
323 864 2414 1014 en desselfs verwarde seecq: met de Comp: eene tertinent opmaeken
320 975 1857 1126 de versoghte Verbeteringen op Mallabaer uijtgestelt
328 1018 2515 1223 tlen van den luijt:s Hans Zeigfritt tot hooft dit militieop Lochum
595 1172 1668 1331 aen d’ E Huijsman gedefoeert - - -
335 1252 2435 1458 ende oock over’t gebrekende aende fortificatien op Tranganoor, —
567 1365 1598 1509 „ Corhnij een ppact ondersoek doen.
325 1386 2118 1580 de stontheijt der mooren op Cananoor nogh Wat jn te sieen
399 1476 2647 1695 „de aengegane Contracten met d’'Inlandze Coopluijden net Vigo..
613 1655 1314 1771 te manictineren - - -
525 1686 2605 1906 gekome klagtschriften tegen d’ ELobs sal d’E Huijsman Vaukeurigh
606 1861 1058 1981 ondersoeken.
488 1939 1362 2096 Jen oock Copie van geen
466 2040 2572 2179 noock van 't aenhouden Jan den Latmilitae. ste mattheus op Cochim
2689 2052 2915 2274 342
660 2175 941 2303 te gepen
365 2234 2608 2420 bij 't gene 24: notemb 1677. en 15. feb. 1698. over mallabaer natpatria is
668 2382 1016 2500 geschrekten
403 2398 1574 2613 Wert d’E Huijsiman tot narigh gewesk
405 2537 2604 2730 ’t teslabiberen van den vervallen handel aldaer salmen voor een meerten.
712 2654 1146 2805 Stuck: Houden
402 2742 2595 2911 de diftecentie van ’t derschil der verswaerde mallabaerze onkot ten oock.
723 2845 1810 3004 accuiadt te ondersoeken . - „ p= - - .
430 2946 1579 3096 en daer van beright Cereijts te stieren
387 3057 2556 3196 het treckhen des peperhandels van Zalicoilan naer Cochuij Wert niet
726 3141 2369 3300 onmogelijck, en voor de Comp: nootsaekelijck geaght
421 3231 2569 3373 hoewel daeromtrent met de Loose mo:ispolianten voorsightelijck moet
2606 3313 2899 3459 „ 345
670 3337 1260 3494 wrden gehandelt
400 3399 2630 3592 het poinc der munte op mallabaer, bal volgens onse ordre Van 7. Cept: 1637
712 3526 1722 3678 moelen worden Jn't werkgere
430 3593 2643 3774 over't welee van den Malabalien Breeck na Tuticorijn, en Equttandel
715 3720 2283 3898 salmen d: onderbinding van d’ E uijsman Verwaghten
1849 3821 2643 3972 Cejlon, en Mallabaer
435 3827 1845 3968 En ook voortaen een gewenchte Parmonie tusschen
439 3927 2477 4111 „d: Euijsman moet als Commissars: alzints onder omsigt off pas=
688 4051 1004 4187 handelen
440 4111 1265 4302 sonder sigh aen tijt tebinden
