3076 4717
7 3909 97 4051 1
263 257 2340 633 WWaonsdagh 5:' Ianuarij 1678.
817 554 1801 748 s avonds na t Gebedt.
174 732 2384 982 Gelet zijnde op het vertoeck vanden E: Robert de Dicq
2671 781 2982 992 W e
-1 908 2375 1081 ofceligeerde gouverneur van Ambona omme te mogen
168 1032 2814 1204 hobben het ordinare tractement zedert tot die qualiteijt 200. g: dr had
174 1192 2365 1361 is verkoren geworden soo is na deliberatie goetge„
177 1292 2322 1477 vooden zijn &: toe teleggen. een beconingh vand
183 1400 2424 1599 290: guldens ter maert sulende niet seer aenpanck
172 1492 2967 1696 nemen als van die dagt dat uij handen van d’Ekgede A: Bns
171 1654 2968 1797 Br: Extraoed: raad van Indja Anthonij birt, behoorlijck als hij Tramppel
2395 1719 2973 1837 Dnt Geritdo uijt
2404 1775 3042 1907 V b : d H. Merdt
188 1751 2425 1920 transport ontfangen, en het gemelte goupernemend
2405 1860 2881 1994 zal ovenemen
202 1902 2375 2084 aengeveert zal hebben, en is bij dese gelegentheijt
195 1992 2462 2210 oock uyt eenparige stemmen vastgesoelt dat dit zal
190 2126 2477 2348 strecken tot een vape ordre, om voortenmegekomen
194 2255 2476 2402 ende agster volght: te worden namentlijck dat geen
2461 2379 3089 2514 Jan Vereteringen d
195 2371 2483 2552 verbeteringen, ofte verhogingen van sodanige tractement
2461 2478 3049 2583 doen Ingaen, dan Van
187 2513 3087 2643 sullen aenvanck nemen den ingaen als van dn tijd aff dat de tijt datmen diekengben
2439 2608 2959 2746 sal hebben bekleet
66 2626 2425 2773 de verbeten de sulen bekleden, die, ampten, ofte plaitsen
207 2712 2502 2928 on de welct hun de verhogingh van ragie sij te gevoeght
216 2848 3091 3059 Dewijl den eerw: predicant: Iacobus lax: wel niet en Ean Liedik: navior
203 3037 3041 3161 han resolveren, om in zijn beroep nar Dande te vertreck in't tesus inbanda
2453 3079 3090 3244 sijn gagie af teschrijven
189 3163 2491 3314 ende bij zijn voor gaend weijgeringh beijft- persisteren.
205 3267 2496 3391 soo is goetgevonden, ons te houden en te gedragen aende
215 3384 2128 3507 Jongst voorgaende resolutie van den 4e: deser
377 3495 2231 3761 atavia jnt Casteel datum als boven
1789 3674 2307 3897 Jangeens
1683 3894 2389 4076 auvens Pit
1671 4015 2571 4238 P. N. C= vertwater
895 4404 1581 4665 Jan Cametnins
1971 4474 2328 4667 b
