3075 4630
2821 31 3040 194 227.
2692 193 3033 376 22.7
97 278 2336 728 Dijnsdagh 19:' Iulij 1678.
2099 1069 2274 1230 E
148 1126 2409 1333 Is op goede jntigsten aende ondercoopman Derard
2392 1200 3090 1384 den onderCoopm: gvand
176 1294 2296 1449 kocke toegestaen, met zyn famnlie p:r de gereede
2384 1343 3053 1447 Kock met zijn famielie
2454 1417 2946 1508 gelicutieert naer
163 1391 3064 1583 Cust. schepen, naer Jaffanapatnam te mogen vertrecken Iaffanapatnam m
2488 1545 2797 1658 Emploij
172 1534 2443 1682 omme aldaer ofte Elders, onder ’t Cejlonsie gouvernem:t
174 1608 2398 1755 geemploijeert te werden, waer hij de Comp:e den
169 1726 2441 1886 meesten dienst kan doen, naer dien 'er van zijn deven
183 1792 2448 1977 en bequaemheijt goede getuyghnisse wert gegeven.
174 1995 3090 2188 Insgelycks wert de Hhuijsvrouw, vanden provisionelen en de Huijs: Landen
2415 2190 3039 2299 luijt:t Oliviers na Haer
168 2119 2925 2336 fuijtenant. Joannes Oliviers (althans mester ende op Bngn op malacca
163 2278 2384 2421 Malacca.) op haar versoeck gelicentieert, met de
87 2333 2492 2553 aenstaende besendinge tot Jaer man te mogen overvaren
148 2492 2995 2783 d’opperhoofden van't schip ’t Lant van sc houwenDoperhoofs Chit
143 2678 3070 2846 binnen staende om de premie van haer uijtreijse gedaen, schip schouwen de Halrha
163 2787 2932 2958 voor de Camer Zoelandt jn 9. maenden, zedert prenie tegeleijt
165 2903 2385 3030 17:' september voorleden, tot den 6:e Iunij deses Iaers
126 2990 2386 3178 oper Caes de goede hoope is haer toe geleijt
143 3078 1056 3232 de halve prenie.
133 3299 2313 3484 Dewijle de Bantams gesinde, en Beribonders.
2369 3309 2987 3502 de usinig Bon
2413 3372 3092 3563 Damanoohan op te breke
130 3446 2418 3605 jegenwoordigh niet bijsonders meer te water, maer
2413 3530 3053 3634 als d' H. Surdt daer zal
132 3543 2319 3730 wvel te lande tegens den Samadanger schijnen
2430 3594 3071 3705 Gepasseert, en den Coopm
2397 3646 3088 3766 Vandijck van Cheriboer
153 3666 2386 3827 te attenteren, wert verstaen onse besettinge van voor
2404 3737 3023 3876 te Rrigt gekomen tesen
136 3750 2305 3895 Pamanoekan, jutchiassen &:r Jnt geheel te laten op
143 3899 2428 4066 breecken, en herwaerts komen, soo haeft den 13:'
130 3958 2447 4146 Adinirael Anthonio Hurdt, met de vloot na Japare
138 4084 2536 4300 aldaer sal gepasseert, en den Coopman Jacob van Dijck
2162 4240 2352 4359 van
1953 4424 2107 4596 137
