3176 4722
18 65 224 218 94.
62 209 234 400 94
2520 -10 2704 279 5.
752 411 2800 626 Sjdagh, 29. april 1678..
677 883 2822 1071 heeft d’E: B:r directeur tenerael Cornelis Speeeman
433 1033 2765 1180 de vergaderingh bekent gemaeckt dat 'er jnden Doedel
655 1114 2753 1248 vanden overleden opper Chruuroijn van't Hospitael
648 1226 2718 1394 „ Cornelis de Roo. onder anderen waeren bevonden
676 1324 2683 1462 11.7: kisten japans staeffcoper, ende waer over de
669 1428 2843 1594 Executeurs hadden versoght, te weten off zij deselve
2757 1531 2843 1671 hed
675 1545 2788 1678 niet weder vrijelijck soude mogen verkopen, omme all
2780 1586 2922 1773 1
675 1648 2771 1802 onbedagste schade, voor des overledens weeskinderen
676 1774 2772 1892 te verhoeden. waer op gedelibereert zijnde is verstaen
71 1737 601 1904 117: kisten coper uijt
2792 1786 2962 1926 Ed„o
69 1852 657 1973 den bordel van Mr. de Hoo
675 1843 2915 1986 het gemelte Coper voor de Compt: aentenemen. tot 21e: ux
77 1942 667 2051 aen te nomen tot 21. ap.
679 1960 2849 2081 het picol, ende dat daer mnde met een oock een begin
96 2003 370 2134 het Picol
676 2065 2867 2184 zal werden gemaeckt, om alle het japans koper jegen„
31 2078 660 2236 En sodanigh ook alhiet
688 2177 2887 2300 woordigh, onder Chinesen, en particulieren hier jn de stadt
66 2204 636 2308 coper dat hier onder
78 2265 674 2361 partiaiherm in de Stadt
680 2275 2807 2414 berustende, des doenlijck mede voor de Compt: aente
64 2308 652 2438 t is voor de Comp aente
74 2376 275 2504 staen
673 2361 2837 2507 slaen, tot deselve prijs ofte uijtterlyck tegens 21 a 21½:
679 2457 2848 2637 rx:e het picol 't welck dan de Br. Directeur benerael
677 2584 2915 2723 aengenomen heeft. te besorgen, en waer omtrent oock niet
674 2698 2729 2859 ondienstigh geoordeelt zij; voor jegenwoordigh net wat
2846 2829 2918 2903 —
676 2788 2861 2917 authoriteijt te procederen, dogh eghter sonder de jngeletenen
684 2898 2964 3045 te priteren, om dat den handel en particuliere vervoeringe
700 3023 2830 3144 van’t japans koper 't zij door vremde off andere voor de
678 3063 2992 3194 Comp: dogh jn haere negotie op de jndische Custen niet
684 3167 2458 3299 dan seer nadeligh, en schadelijck kan wesen.
619 3310 2811 3500 Batavia in't Casteel datum ut Supra=
2352 3522 2879 3733 Van goens
2388 3723 3092 3887 E BeCman
2226 3964 3116 4173 W: Aan D honop
2860 4114 3095 4236 bde
2396 4168 3070 4372 Jan Camshuijs
2836 -6 3076 152 1
