3088 4646
2831 12 3043 156 147.
2855 152 3045 348 47
1 207 100 371 1
9 303 160 450 5
208 365 2402 562 tot alsulcke prijsen, als de redelijckheijt komt mede
191 515 2349 644 te brengen, dewijle sodanigen kleenen accomodatie
163 615 2364 755 aen die luijden bij dese tijden, dat wij de negotie jut
2407 630 3088 781 Om dat ous sulx in china
2432 742 3050 859 bij gelegentheijt weder
185 719 2404 899 rijck van China straghten voort te setten, de Comp:
2451 812 2970 929 kan te stade Comen
2275 836 2386 977 —
207 833 2284 989 jn andere gelegentheden, wel: wederomme ten
122 960 2301 1101 goede souw konnen komen; gelijck wij daer van
157 1059 2369 1208 de langsgewenschte effecten eenmael hoopen
190 1191 1174 1353 te sullen verkreijgen;
177 1315 2343 1497 Caques Nicasius op 8 maert verleden gestelt tot
2391 1357 3024 1539 Aes ier us als
200 1457 2294 1607 kotster vande Portugese kerck off loots buijten
2388 1499 3033 1618 A6s terder Portugeeze
2401 1563 3069 1698 buijten kerk bykerk„
13 1553 2356 1744 deser stede als nu weder om gesproken, hebbende
2327 1651 2984 1790 is miisteren te gaeren
191 1677 2417 1814 dn zijn tractement, is deilelven aen kerckmeest.
162 1798 2409 1963 genenvoijeert, die hem daar voor uijt de kerck„
188 1927 2377 2038 middelen, een behoorlycke beloninge sullen toe
173 1990 593 2149 leggen.
171 2128 2227 2351 Alsoo den ondercoopman Hendrick kriecke te
2320 2170 3099 2374 Hen dicricke op zijn versoek
2353 2316 3067 2439 sijn gagie te doen 5isseaen
157 2267 2321 2475 frentnen gegeven heeft, wel genegen te zijn, sigh
2368 2397 2986 2523 tot weder in Emploij
185 2421 2614 2610 voor eenigen tijt buijten dienst vande Comp:e alhier Comt
174 2521 2258 2674 te willen erneren, ts verstaen desselfs gagie
181 2628 2337 2781 van heden aff; te laten afschrijven, tot soo lange
189 2734 2363 2913 hij, naer desen weder jn eenigh emploij zal aenge
184 2836 1521 3024 nomen, en gebruijckt werden.
160 3005 2382 3194 gesproken zijnde, wat en hoeveel pennisten tot
159 3124 2460 3310 den Japansen handel dit mael wel sullen nodigh wesen.
165 3229 2358 3411 soo zijn daer toe op ’t voordragen van d’E: Dirck.
115 3326 2231 3515 de saes, genomineert behalven den Coopman
2363 3399 3061 3561 Joten epant n Handil
174 3451 2325 3624 en secunde Isaacq van schinne, een getal van
2385 3520 2997 3630 niet meet als 2. â 3-
2386 3582 3014 3705 onder Coophuijdenn
159 3578 2340 3746 2 a 3 goede onder kooplieden, en 14 a 15 bequame
2396 3664 2910 3770 14. â 15. adhs tenten
51 3659 2301 3872 adsistenten, sonder meer, daer met wij menen
2382 3725 2750 3849 te gebrujken
164 3791 2310 3990 dat het werck ginder neffens, de officieren
106 3883 2105 4099 der schepen wel te stellen zal wesen
1969 4113 2295 4242 omme
1833 4273 1986 4423 es
