3081 4719
2777 11 2994 150 265.
2707 165 2977 355 265
149 482 2384 717 naeandragirij nedeleget t is goetee vonden door Eerse
2445 550 2948 725 6000. sp: t=t Nas
2471 680 2906 819 andragnij te senden
159 649 2547 855 beduijsnndande aen van agrten verwaerhui
512 789 2231 960 dd wij hepbengemeden bodem volvenen
211 946 2378 1113 ede de maent neijn meer hier te tuijgen, om
1128 1009 3002 1235 belangen. daer benevens oock n ook een brief dasden
168 1051 670 1241 lcke de
2364 1126 2685 1275 Conink als
171 1201 2141 1369 toenbtje ader inngiden odinck sl
159 1337 980 1528 ende geschreeen
262 1480 2522 1703 ngelijck als eu is voltges E hedne onser botgen vanunden
263 1601 2968 1850 toomdat en Eenigen Bandel toe gend: andragirij toeter Geenboiger haert op
2366 1744 2918 1886 andregirij te gedogen
101 1763 2236 1987 atde de ndmitteren 1600 sal door onse bepenten
127 1910 2332 2107 omen den CConinck aldaer mede werden gepecommende
2374 1959 3047 2139 en silx Van andre inde
2402 2083 3002 2176 gotiantin bij dien Con:
139 2073 2345 2233 tetenren, of sulx in tseguard van de mootsen en ander
2367 2115 2875 2269 Andete tenteren
83 2223 2282 2413 vede nffeuanden mede koude wwerden gepractiseert
2329 2338 3038 2495 Maerdie met engels off
131 2347 2251 2555 maer de geene die daer niet Eengelde, of doenze passen
2333 2441 2962 2568 deen ze possen salmen
2342 2511 2814 2667 - meten gedogen
101 2516 2258 2704 voorsien, moghten verschjnen, sullen tot onseneder ordre
160 2626 2252 2848 niet gedindert, maer gedoogte moeten Worden, En
2428 2768 2984 2872 en soooock Voor als
121 2726 3004 2992 zodanigh oock Insgelijcx de bantame vaertuijgen voore dst nogh de bontommes
152 2948 2425 3113 ongemoejt gelaaten dienen; gelijck sulcx geles naeder bij de
145 3032 2191 3254 derwaers afte gaene missive sal werden geEpliceert
129 3248 2302 3445 zijnde wijders verstaen p:r gemelte  acht de batavische
155 3410 2246 3573 Coopman oock een Cleen advisie Enpasten venden
145 3533 2461 3694 Commissars Jan van Leenen op palembangh af te schicken.
2379 3555 3025 3764 den nieuwen Tmbijzen
2370 3724 3047 3843 Resident In van Heden
161 3659 2278 3888 en Insgelijkx den nieuwen Besdent Joon:s van Heeden
2346 3780 2861 3910 Scmpassant  18
2381 3867 2964 3981 bataviaze Coopman te
142 3812 2316 4023 daermede na Jambij te laaten voortgaen diebj aparte
2377 3931 2914 4086 laten derwarts gaen
158 3960 2310 4171 Instructie het nodige zal worden aenbevolen, en tot de
1975 4105 2351 4307 t hure
1935 4276 2073 4483 d
