3077 4705
26 29 130 162 78
98 156 257 357 18
605 447 2663 613 te geven en daer door voor te komen dat deselve
602 584 2810 710 niet van hier gesonden, en allog tweemael over zeel
607 688 2637 886 gevoert behoefden te werden; waer tegen dan
605 745 2854 1001 weder jn consideratie gekomen zijnde de gelegentheijt
601 931 2678 1094 die daer door gegeven; en als open gestelt soude
608 1049 2659 1173 werden tot het drijven van particuleren handel
616 1149 2824 1302 tusschen voornoemde Cormandel, en Sumatrus West¬
621 1244 2888 1436 Cusst, soo is eenparigslijck goetgevonden ende verstaen
621 1382 2847 1572 contrarij de boven gemelte voortellingh, mette eerste
632 1474 2897 1693 gelegentheijt na Cormandel tt ordonneren, dat geen
25 1577 607 1746 En os edit gen
632 1602 2869 1758 van daer vertreckende schepen, de gemelte sumatras
48 1698 620 1802 chipbre Van Cormandel
48 1773 610 1860 Comende, de Westcust
631 1758 2946 1897 Westcust, sullen vermogen aente doen, 't en zij door d
62 1826 597 1921 Sullen mogen hendoe
63 1892 571 2026 dan bij hooge Voot
644 1846 2845 2021 hoogh dringende noodt, die d’ opperhoofden op haer aen
618 1969 2848 2104 komste alhier, wel duijdelijck en klaer, sullen moeten
629 2098 2901 2235 doen blycken: off dat anders daer over rigorenslijck
649 2229 2875 2346 volgens de placcaten, ende de ordres van onse heeren
650 2314 1997 2488 meesters sullen worden gestraft;
711 2490 2870 2681 De H:r Extraordinaris raadt van India Anthonij
72 2625 2700 2794 Oorgeleverde Herp: Pavilioen, op eergisteren, uijt dese vergaderinge
92 2761 623 2878 Vande diaconie desen
655 2729 2740 2886 versoght en gecommitteert geweest zijnde, om bij te
89 2826 635 2956 Stede door d H: prvilioen
638 2845 2830 3008 woten en optenemen, de reeckenings vande D:aconije
624 2956 2891 3111 alhier heeft daer van als nu behoorlijck rapport gedaen.
624 3076 2835 3252 ende uijt de boecken vande gem:e diaconije over gegeven
646 3193 2693 3320 sodanigen Extract. als hier onder van woort tot
469 3168 662 3372 6
664 3298 1708 3478 woort staet geinsereert;
1003 3609 3012 3800 Extract getrocken uyt de diaconias boecken
927 3755 2995 3952 der Stadt Batavia van den Jare 1678.—
631 3949 2354 4123 het Capitael der diaconije is volgens de boecken
711 4069 2406 4184 gesloten ult: december: 1676: geweest een somma
2343 4141 2398 4202 dus
2451 4103 2878 4276 63690:42:
2255 4169 2409 4274 kx:
732 4164 915 4307 van
2736 4308 2877 4408 42:
2440 4269 2742 4441 63690
1662 4275 2399 4471 Transporsere rx:
2797 -8 2946 86 1„
2915 13 3033 146 s
2778 80 2884 229 1.
2925 414 3003 479 00:
3005 1638 3080 1741 54
