3060 4721
1508 554 2363 701 den ondermincte
96 525 1312 744 Tancen oonzaganten
189 694 2268 871 op duslasse bwooden; d hoorde Manb: te eend
186 813 2122 1013 doot gesonden was ten seves van onsesendingz in
663 959 2372 1158 a van dejck aenden vanambataan van
377 1086 2365 1315 bon gedead en seticke v : p:  pal:s srat onde
152 1218 2444 1442 blat vrunden zij verkeaerde dan gezondende zijn, vdsisteri,
116 1368 2284 1530 desboeckende dnaeren, wij ons met deselve plaets niet
150 1487 2414 1712 en wolden bemolijen, En daen Eijnde hijck weder dm Laastt
659 1644 2413 1823 onde ven matwijtee oc an ons al
413 1837 572 1959 ne
827 1790 2241 1966 beke nae transtne Just ordus
297 1836 408 1966 de
190 1933 2245 2195 deen briet in aan heijer geegte Crnigenheed vin
153 2082 2426 2250 padicca hhij hierdan, deconils den tegierden is oer de aet banun„
167 2189 2429 2358 naaan bijcklief van Goedie gouderneur geneemde, ten de saaden
175 2307 2410 2516 van Jndia, die seerderse en dermustigh zijn vnne allet week
188 2422 1968 2602 van batavia te negeren, die Dodt wil geven een, Langhf
178 2544 2123 2727 nae cjdgeerde vooraltijt in grooheyt mogen toenemen
164 2650 2437 2830 vrders tedoen den Houveneur henhaed, eg de staade van Jndia een
195 2778 2491 2949 brief aan den siltvan Lamboudij pan Tersbon die Jatp: Jacob van dijck
190 2893 2435 3020 gebract het gesinden van Jnhond als dat den gouverneur generaeln
194 2974 2450 3107 en de saaden van Jndia van mdeninge deren dzenben hed aende dael
191 3107 2456 3240 't gene den Zulthan Lamsoelden tn iden, een paducca ijsultan
190 3193 2435 3347 dit bantam heeft bekend gemaeckt; als mede den Gouverneur geukel
203 3299 2374 3440 en de vonden van Jndia van dueeninge wwaaren, gelijck inden riefsenet
206 3406 2480 3543 den sultaan van Heribon quaen aenbedn, waer van Paducca breg suctran
185 3503 2459 3654 to0 bantam oock tiginge eefe gehoort, en uijt den brief van den bpiuperh:
201 3612 2378 3788 gernerael en de saaden van Jndia nede versoaen wal ooer uducca
193 3690 2483 3851 Jan sulthan van Pandam seeg berbgest sit, denckende watment
196 3813 2256 3980 den gouveneur gen:t en de taaden van Jndra, dat die van Jeribok
202 3881 2507 4110 onderdanien vande mattaram bpj: van gelijcken steder oock in den bief
199 4017 2302 4218 van den pojmneur gutael, en de sagden van Jndia, aengaende de
2095 4142 2391 4297 volckens
2782 27 3005 162 271:
2723 171 2938 352 27
2410 1487 3010 1670 Tn eaep mike des
2402 1636 2939 1738 onder sulthans van
2403 1705 3002 1850 Tnstam aen haer Ed:e
