3164 4690
244 136 475 359 22.
1026 154 1452 570 Tulij
2729 464 2880 631 1a
46 485 2679 681 „15: d:o n approbatie van de Huijsingen aldaer temaeken naet project onder de
2559 578 2907 730 N: 223.
607 615 2314 759 Jorge der tegenten, met Communicatie van schepenen.
322 723 2421 858 nogh een s kichje lant bij 't nieuw Lasamshuijs aen tenomen, om desselffs
2565 758 2656 890 „
590 814 2014 953 kuspertheijt van sluijckerijen - - - - - - - - - - -
336 865 2486 1092 genomineerde 2. kuijtenants, en 3. vendrighs ovter de tlederlandze militie
2601 941 2911 1073 „ 224:
582 1005 1891 1149 met d H. huijdt na Japara - - . - - . - -
1357 1115 1432 1224 5
348 1118 1384 1242 Item over de mardijcker Compagnien.
356 1208 1371 1351 als oock oper de bataizo maleijors.
2591 1202 2902 1388 „ 225
1574 1272 1655 1372 1
345 1296 993 1434 En over de balijers
353 1302 2566 1524 mitsgaders overde 4. Compagnien onser Javanen, Alle mede na Javas
180 1408 294 1543 —
2622 1468 2667 1582 „
647 1474 1814 1628 oostcist gedestineert - - - - - - - - - -
100 1561 2510 1759 19: d:o den ondercoopman evard hock, met sijn fanuilie gelicentieert naer
2595 1605 2893 1774 „ 227.
652 1674 1707 1840 Jaffanapatnam: om Emploij . - - -
376 1719 2449 1952 Item de Huijsvrouw van den Luijt:s Oliviers na haerman op malacca
390 1846 2237 2034 d’ opperhooffden van ’t schip schouwen de halve prenie toegelejt
382 1951 2630 2111 de besettinge voor Panianoekan op tebreke, als d’H: Huijdt daer sal gepasseert
709 2056 2705 2232 en den Coopman van dijck van 't heribon te fugh gekomen wesen - - - „
2626 2087 2911 2271 „7e8
382 2161 2581 2327 latende alleen ’t Jachje de sinit nogh e Wijle voor Indermajo kujssen.
354 2254 2716 2432 en den luijt:s Jochem Michiels. met 40. â 50. man telande na samading opgaen „
359 2357 2645 2545 de pangivan van samadangh om sijn 8tantas te trouwe met 6. s kickjes. en
686 2479 1617 2649 70. Musquetten te accomoderen
387 2547 2662 2747 den luijtenant Iochem Van bammadangl over Canjongh poura te saaten.
682 2679 2085 2833 Herwaerts Comen te lande  - - - - - - .
198 2742 2607 2955 — „ d Inlandze balijers, en maleijers nu na Jabara gaende te gagieren ijder
710 2890 1652 3053 tot 3. fijld. termaendt - - - -
2683 2926 2993 3091 „ 229.
344 2918 1881 3135 dogt de batavize Javanen maermen 2. p:
2681 3053 2768 3196 „
348 3070 1978 3262 Maer derselver officieren alle Equael te tracteren —
2735 3125 2804 3302 1
2694 3180 2768 3255 „
405 3195 1290 3326 _n hoedanigh - - - - - -
402 3219 2573 3451 pangevan Zoelongh tot Bantam een passona Manilha toegel Caeij- -
407 3347 2674 3542 antwoort aen den deenzen Nosident Paulij tot bantam tegeven wegen den gelighten
706 3482 2124 3605 schipper anthonij van doon aende Caep:.
2716 3559 2974 3700 „ 230:
399 3550 2173 3740 onder beleefde termen, en nader aenbiedinge onser vrundschap
400 3623 2640 3834 ’t Iaghe de batavize Coopman van den borger Capt:n Abrams truijs gehoche
92 3726 365 3863 „ 20: d:o
2722 3697 2965 3894 „2o1.
718 3785 1256 3930 voor 3200. P.
411 3857 1822 4019 om belaert derborgerij alsoo te doen ophouden.
2721 3997 2789 4107 1
401 3942 2560 4119 teijntje bronckes versoek om spiaulier na Malacca te voeren affgeslagen
391 4113 2747 4212 versoek van d’ affgesonden van Lrain glisson op Java; om Eenige ammunitien en
725 4178 1180 4332 andre goederen
2878 173 3095 373 1
2877 358 2949 462 d„o
2958 2160 3028 2263 „
