3146 4645
2107 568 2207 712 1
1613 471 1748 729 2
653 691 2042 929 An Bers arag : Dt ader at
1377 833 1985 988 en
405 1046 2407 1201 en sgbandae bekop echersz bjoor odren beee
270 1139 2273 1353 dat hier sob g ense beher Japgen vanduigh on
376 1322 2385 1454 nan sijn aengecomen vier davaen moeder s
267 1437 2498 1569 moorde papefj nstegsoeck om Copedenngt daaren
251 1514 2543 1714 t desedlaet de mogen ontsonden, sonder dat zij egst
258 1632 2385 1833 eenigs voorschrijvens van onden kejdent Laoff ofe
278 1752 2390 1959 Julant der baaise gloeten hebben mede gebraght
272 1875 2496 2083 ndekind: pete Conpnced dstir omde sooc:
267 2012 2558 2209 van dat doeck, met dan van gllaat gevolgh, en beparlijkherij
291 2143 2208 2315 er onde Inlandze ondersaeden were benoosen
282 2260 2343 2489 soo is verhallen verstaen, dat isaeck van de vhed
268 2403 2431 2588 abzolut affeaen, en bejn hier niet de gedogen eed
392 2538 2119 2712 non de aansleneneeen bedden t
278 2701 2518 2861 sonder te mogen wederkomen, op pancvn arresten
996 2789 2411 2988 dieer naardien nu 8: daagen verleden
272 2810 650 2986 gevan
270 2974 2568 3095 beker sannij e paar den Jongen buclsans van BBandam
247 3061 396 3208 6
275 3063 2491 3202 erwaarte gesonden j zonde om ijete voor sijnen heer te
232 3179 2521 3340 degrigsten, danmaelden zijn wederheeren naer huijs E:
278 3307 2552 3474 onser maleijsche sjgese et van hier verleijt, ende mede
290 3452 2642 3603 vervoert beeft; waerbij hunne quade Indentie en maesinatie
1215 3601 1671 3735 enbespeurt
282 3575 840 3758 genoogszae
194 3724 2645 3960 ijders is door d’ El: daectourgen Cornelis Peceman
196 3906 2665 4048 als president vandengereghre ingedient seker proxes crimineel
2410 4042 2530 4158 bij
2834 19 3029 196 498
2828 207 3010 410 191
2574 2135 3119 2301 't Versoek Van 4 maorst
2592 2259 3074 2378 Off Javaenze
2607 2336 3112 2458 Riesters Van bandaa
2606 2423 3087 2540 Geomen om hun
2608 2493 3082 2584 her eenige daagen
2603 2556 3140 2675 t ontzonden afgeslagen
2572 2608 3098 2747 Waer hun aensgonds
2593 2693 3126 2809 Weder te doen vertreken
2591 2757 3118 2889 sonder oock te mogen
2586 2841 2983 2935 wederkomen
2585 2870 3091 3034 op pane van arrift„
2602 2985 3035 3114 te meer een andere
2577 3017 3110 3167 Bantamze Laap voor
2596 3135 3085 3238 weijnigh dagen 8—
2605 3203 3154 3313 onser Maleijers met
2616 3270 3156 3377 Sigh van hier verllijt
2618 3335 3073 3472 en Vervoert heeft.
