3173 4741
34 49 131 210 2
55 251 204 381 5
140 589 228 657 „
2895 58 3064 240 99
2836 231 3029 399 99
290 443 2601 631 werden de Comp=e dienstigs te zijd voor desselfs reeckening
289 599 2562 733 bij taxatie naer de prijs Courant van Batavia, aengenomen
291 698 2564 851 te werden. latende de rest, en van minder belangh bij ven„
198 756 2458 943 ditie verkopen als te vooren pleegh te geschieden.
218 879 2594 1050 Onder de notulen van te doene rescriptie na Cormandel
283 1044 2515 1175 gesien dat de negotie jn't rijck van piguw langs hoe
279 1114 2476 1282 meer begint te vervallen, en voor de Comp:s t' Eene„
296 1230 2386 1359 mael onnut Ia: door veel jnconvementen van quade
2472 1234 3020 1388 de Residentie in
2543 1345 3063 1445 Peguw omt Versal
276 1320 2532 1472 schulden als anders niet dan schadelijck te werden, soo is
2537 1369 3133 1521 des Handele 'tiemmael
299 1457 2496 1593 verstaen den ganschen omme slagh, die reets bevorens
2514 1484 2982 1609 te dan opbreken
266 1519 2591 1689 al zij geordonneert te verminderen, van daer op te breken
277 1650 2577 1761 en na Cormandel over te transporteren, om d’ E Comp:
281 1720 2408 1898 van die onkosten te ontlasten; latende alen soo der
297 1827 2452 1993 nogh eenige goederen off restanten door gebreck van
285 1981 2447 2083 scheeps ruijmte mosten over blijven, tot bewaringe
2497 1947 3116 2096 honde alleen dies nodig
2501 2066 3117 2170 tot Inninge derschulden
282 2038 2320 2190 derselver een adsistent nevens 1: a 2: jnlandse
2494 2133 3121 2239 tadschut. en 2. a 3 Inlande
278 2156 2395 2275 dienaren, soo lange daer continueren tot die mede
2494 2202 2937 2322 nogh daer blijven
282 2229 1410 2395 afgehaelt sullen zijn &o
330 2350 2597 2529 ne voor d' eerste besendinge deses Iaers na Conguim
290 2500 2539 2629 te dienen daer toe het al begint tijt te werden is ver„
2549 2499 3125 2663 57 xperimenl
281 2617 3083 2759 staen te gebruijcken het Iagst d’Experiment, ende het voorlonguin aengeleijt
278 2688 2523 2834 selve tot dien eijnde uijt de besettingh om de oost voor
275 2775 2064 2921 Pamanoekan te laten herwaerts komen.
137 2942 2514 3114 Batavia pit Casteel datam als Voren
1972 3144 2573 3378 Van doe
2262 3340 2370 3518 1
2134 3474 2779 3651 Velma
1864 3754 2952 4008 W: Van Pufthonge
2052 3984 2779 4186 Joan Camphuijs
1949 4442 2494 4641 Dve
2182 4558 2289 4660 n
