3045 4524
2630 7 2748 275 1
171 103 436 292 63:
1401 43 1977 475 hed
2130 378 2845 600 en: 1:in d
70 413 1959 594 6: d:o Tapatie van gen: Jaat door geconnateed 1800.
95 545 1911 681 aeVoor tselve Testaen is voor de Compt: apite nemen
81 540 2857 753 — en den ristn e sijn pootie den wegen voor een 5 part uijt Cassa te laten gdeteren . - „ 477.
147 636 2892 870 d en dooger Amshanj: Erische dat proouw is booe de banckan van Justitie des dis: doers„, 4 78.
2806 751 2891 877 e
282 788 2703 943 Adiade van eden Palnena faerman op Timor toegesaen -. - - „
283 886 2644 1071 2 berklan gen vande quade gestreke, en onbequaemheijt pantschip Z: Volf broek
623 991 1416 1165 en desagtije de forbrijn . -
286 1027 2867 1249 die danbe deders caen zijn aen detal te haasen, en te derhoopen - - - . . „ 480.
300 1174 2628 1346 ordre nad halpbegeven om de Cheijlonze beoonchepen totte Comst der Notour
2588 1266 2695 1421 „
614 1271 1897 1414 vloot van hier aldaer aen te Houden - -
2625 1371 2758 1510 „—
2585 1389 2647 1512 „
299 1364 2244 1507 om alsoo saamen de feporcabelder nad patia boort tegaen -.
287 1476 2610 1624 aen d’ H: balbhaarbort alhier te betaalen een wissel van ƒ29008 — - voor seerq.
2584 1485 2877 1698 „480
592 1567 2461 1721 off van wegen de thoeder vand gehuuirde schip de Ionas - . .
2339 1665 2444 1796 de
217 1678 2364 1822 om Jnt patiavande verdiende Bungelde van gan. schip Wederom
1126 1794 1555 1911 —.. . ..
614 1766 1144 1916 werden affgekore
2565 1823 2870 1975 „ 483
130 1840 2510 2044 — „ Heeren schepenen gequalific eert tot het affigeren an beljvteen - - - - -
328 2003 2540 2125 dot opbeenginge aller gront en Effbrieven derlanden binnen, en buijten
2587 2063 2672 2176 „
627 2070 1843 2209 deses Cadt - - - - - - - - - -
290 2145 2656 2332 om dadruijt van besinden een aldemeer gons ht opmaekingsen onderhouding
2574 2279 2653 2408 1
630 2288 1687 2456 aller regen bruggen _ - - .
2583 2335 2904 2512 „ 484.
349 2371 2579 2554 onder alsulcken belastinge als men nabellickheijt sal nodigh oordeesen - -
2558 2496 2678 2634 1
349 2507 1792 2687 Inhoud van Porsbiljd - - - - - - -
332 2583 2625 2779 op de berigten van bandam, dat de bantamnes ons volck en posto Indermajo
2596 2656 2937 2828 „ 485.
611 2736 1653 2891 nendenovranpelen - -
338 2760 2718 2979 1s verstaen daer van derwaeres aen dE Jacob Couger adsis te geven  de quaatel„
2609 2935 2695 3028 „
345 2917 1622 3112 om daer doot alzinds welop tede te va
362 3066 2632 3199 den demaels boopn Jacob Lourens. met sijn Vrouw, en fanielie Neder pasjagie
68 3019 313 3248 18
683 3148 2899 3309 dia Comaten vooleen mitsbetalende vragt en twanspregele . „ 487.
367 3233 2535 3402 Jope koea Chinees. door Isaac abrabams. Christen Chindes in amboina
655 3345 2587 3516 ael vooscaen van seker ambons prooes met de slinderen van
2605 3456 2731 3587 „
630 3458 1413 3649 sinbooeder Jncko . - .
372 3529 2599 3739 op de verklarije gevande Induabolheijt en quade gescaelteden Nj0 met
661 3655 2824 3838 de schepen Planwenhulck, en ooslenbing van Cormandel aengebragt„s=
371 3805 2704 3987 en dat e daerom voor d’ oorter provintien, off de Caep niet dienstig gercht verc„
377 3898 2653 4081 sw: Versaen deselve tot 600. Lasten onder de gemelete alhier tegen 25.
2598 3945 2955 4150 „ 488
673 4029 1711 4201 ƒ 30. p:s t last te doen verkoopen
390 4127 1967 4302 en oltor die aghteloosheijt nade Cormandel te chrijven
2958 684 3074 877 15
