3018 4613
51 29 269 187 320.
146 236 373 426 380
2490 376 2623 477 52:
856 568 2850 773 ter bij die genegelckent en uclenaid
30 644 646 857 aer bij sijn opkomste
651 749 2909 912 ommee hdet haaste dast hewaerden deomsn: ege
54 812 630 920 Persistirende, ons sulx
61 877 559 1007 ten spoedighsten te
693 874 2905 1048 eek dersseen danmen en dulck geban den Eersten
47 958 364 1102 Adriseren
738 1024 2664 1197 ei sal afwaerden, ommte daer op van na
938 1134 2180 1316 onde disere
643 1309 2900 1549 flangen de fegeadvileerde aengaende hen sijpersef
53 1439 646 1613 dn Eeder hoo voor
622 1472 2843 1631 daer omrend werdbest deaght hem voor eerst nogh wat
19 1581 677 1693 Eerst Wat om sijn schult
59 1646 442 1749 Se Maanen
626 1600 2861 1765 ten bantejten Dontigh) oin sijne khul aen deCompt
665 1727 2871 1934 de maanen booeen alveten dierwegen volgens Loghe
651 1891 2854 2048 onbelofde met bigens ous guavande te sijne hadens
27 1880 645 2071 eermen ons Guarant
36 2040 606 2149 met gewelt op zijn
31 2035 1670 2244 sasen opese souw zomen te stecken
664 2192 2799 2391 Nadien de Hancds alohans weder in gebden aftreck
649 2360 3032 2508 seenen de sijn ende mooren iksd en dienstigh geagtt
45 2328 617 2509 de hancos op Chheijlen
33 2472 634 2581 Selve aende bengaelze
641 2500 2854 2664 deselve met bedoorlijcke awvance op beijlen bele aenho
19 2553 598 2688 mooren te verkoopen
615 2618 2882 2810 de ondoen verhoopen, twelck vrossijticher wert geoordeelt
621 2777 2820 2953 dan die hoorns me om: Eijgen bchepen na bengale,
636 2864 2853 3089 enders te moeten vereren; sullende widers den H:en
624 3076 2981 3248 Gouv:r en saed werden genotificeerd, dat wij van bentiment
624 3166 2828 3351 onderstande ij verde gewolden, die de madureze
618 3294 2926 3512 onderdanen p: de parjuas (onder Comp:s trotexie staen:)
640 3478 2918 3684 werden aengedaen; denwel nogh voor verst met die
13 3482 620 3681 Ale de Madurpe lant,
4 3646 662 3740 En regenten overhur gewilden
29 3592 2906 3848 An Barius &: nogh Lant begenen in geene ontentije van eenige sendelijkh:
27 3786 529 3887 door eerst in Geen
659 3751 2749 3971 dekomen, maer alle moeijden en onlis ten met de
36 3851 543 3964 Contentie te komen
37 3927 552 4018 maer alle moeijte en
643 3915 2851 4108 andvorsten en andere, in dese gesapentheijt des tijdts
38 3987 589 4098 onlusten in desen tijt te
37 4063 294 4190 mijden
2551 4106 2791 4219 nae
