3143 4614
2839 11 3032 173 119.
2798 112 2943 304 116
627 390 2741 610 etee vanten Dee en n gnder
380 606 2599 748 nseldet dewjle de sicquentatie en vaart van moorendn
258 660 2561 851 anere vieuwe negstianten dusschen malacca eycormandel
324 797 3079 1002 afgesekede en verboden; dat nodvorge sandien oock de moorse de hoo: sactns
2606 886 3089 978 wegens eenige igo„
229 894 3080 1052 es en en den hmemigtes en ehandenen g cue
2640 1013 3097 1103 nogh tot Malaic
2656 1070 3059 1174 Remoreren
411 1048 2645 1227 bemandel adaer sijn temoteende, mit het distact van Vors
2629 1143 3094 1259 binnen den tijt van
230 1196 2620 1345 pnlacca bijlen meren deweeken en persuyken, en dntbingeen den
2628 1222 3088 1297 een Iaer, alle Van
2633 1279 3070 1363 daer te doen ver„
239 1289 2629 1461 djet vanoen daerman dat dese onseondonnantie mee teeaars
2632 1342 2893 1429 „ huijsen
433 1424 2597 1557 dogh aftegan aldaer sal wesen gemilliceert en deselv
2623 1499 3096 1637 en sukx na Cormande
610 1537 3064 1719 nelheden onk naermawdel egelij indere roijien
311 1578 463 1712 d
236 1661 1805 1816 too nae beeeden gecommingeer
325 1767 2695 1979 ende shaal de D Jabob dewer Weles bin n actseldon
62 1917 2689 2095 haad van ueee ser Patels Die 20: nap eleden beie
237 2020 2691 2210 vrcossingem deneeene is woodenen alsaa enbiedinnge gedaen
2321 2180 2485 2309 e
689 2151 2222 2358 e als Commaninn beou
443 2234 496 2333 te
2174 2300 2710 2448 e nogh gen
814 2306 1732 2474 bhen W0 16 goetoevand
549 2411 2701 2610 edewnen sijn voorgecdnenn Jndien ter sigh
2723 2450 3116 2617 Eaas Van den
223 2518 3062 2712 tmiddens voorctdie kdee geen ooeaedsie ijser vars: of sijn
2646 2651 3111 2739 ven sock tot Commande
214 2665 3082 2874 nanctisonen op te deent gemeeen t devoovand de wasgn e ten: 2.
2657 2788 3033 2916 enomineert
217 2819 2670 2980 bjdelen te Commandeur over de Henedool Enoumnarli
742 3122 1928 3328 3  e e 3 1 a 7 7
293 3294 3072 3442 derlant vastgesteld; 76 Jegenwoordigh s Jaan, nogh tot de  tipen:
2602 3373 3062 3474 nogh tot de Eerste
2614 3441 3089 3549 besendinge, Voor de
244 3403 2418 3550 deerste besendinge voor de Jamer amsterdam aen de leggen
2637 3508 3091 3598 lamer Amsterdam
2642 3582 2899 3697 nengeleijt
217 3549 2504 3704 t schip america inplaets van macassar, bevorens datr toe
233 3670 724 3818 gevrojecdeert
424 3717 3141 3952 war biljden de ongans voor de Jaas te besending Edeschin Crpe
2580 3866 3046 3948 't Huijs te iuwe en
2607 3914 3093 4004 Geelebeer tot de laeste
289 3893 3128 4113 na overlegh werden genonneert voormelde schip Wlacassar, beindinge gesusttiert
2358 4073 2695 4180 benevchs
