3062 4572
-4 89 164 225 26
115 232 343 432 86
49 951 572 1123 een tot vantdrost aen
38 1097 566 1194 doof zijde te Verhiesen
47 1160 549 1263 en oppercoopman
57 1191 607 1375 Carens Pit de Jonge
50 2399 580 2523 Imanqueem hieraen
63 2493 605 2583 Jan Drugtbare landur
54 2557 556 2648 maer aen neerstige
69 2624 387 2725 bebouwers
50 2744 582 2923 d’ E Sit des onge zal„
56 2890 616 2987 Egter om anderemploij
75 2951 525 3041 bij voorval wel
62 3008 582 3154 mogen versoeken
549 3338 652 3433 t
43 3286 563 3448 Enderk alor ien
74 3424 589 3518 vorige qualitiijt van
66 3489 580 3593 Offerkoopman weder
87 3560 586 3696 mogen Aennemen
552 3703 630 3805 6
65 3770 596 3956 de lausdrok Van de
71 3920 613 4024 Oost zijde Ind Eeoste
86 3999 493 4148 dn Bangh zijn
585 387 2834 570 quresdictie soude konnen hebben, aen de oost, en d’andere
591 523 2832 732 aende hvest zijde vande Batavische ripier, dewelcke
584 674 2799 834 alsoo bequaemelijck een scheijdinge tusschen haer beijde
590 793 2788 969 soude maecken, soo is als nu na serieute delideratie
588 888 2807 1091 goetgevonden, ende verstaen het selve sodanigs vast
595 1021 2673 1241 testellen, ende tot Land-deeft, aende oost zijde te
589 1153 2778 1346 verkielen, den Oppercoopman Laurens pit de Jonge
589 1274 2669 1455 voor detsen geweest zijnde deslave over de Landen
592 1404 2623 1584 zijn Matuve op Ceijlon, Den persoon die het
595 1525 2770 1742 getuijghnisse heeft, van geen eijgen daetdugstigh off
580 1661 2649 1867 schrapende maer van een bescheijden na turel de
2633 1861 2776 1996 1
568 1812 2692 1986 zijn, en van wiens ijper, en getrouwheijt wij ver
595 2009 2749 2140 wagsten, de bevonderings, ende voortlettinge vanden
611 2052 2659 2236 gemelten Land-bouw, tot welvaeren van dese
626 2224 2642 2391 gemeente, en om metten tijt uijt ons selven te
618 2341 2693 2514 konnen bestaen, waer toe het aen geen bequame
609 2488 2837 2636 ende vrughtbare Landen, maer meest aen een goet
614 2615 2839 2797 getal neerstige bebouwers komt te ontbreken ende
618 2748 2808 2933 is oock niet eenen verstaen, dat dit offitie den gem:
631 2867 2811 3079 E: Laurens pit, de Jonge, in zijne te doene versoecken
603 2980 2874 3181 om een ander ofte hoger emploj, niet en zal hinderlijte
614 3120 2739 3319 zijn, ende dat hij bij ongenegentheijt, om het selve
636 3274 2806 3431 langer te bekleden. altijt weder zal mogen nen„
620 3427 2871 3585 nemen, zijn jegenwoordige qualiteijt van Oppercoopman
619 3526 2694 3725 en tractem:s van 100. guldens ter maent, Ende
619 3620 2846 3861 nadien tusschen de gem:e twee Land-drosten over de
624 3746 2823 3939 rangh: ofte voorsittinge dispuijt soude konmen ontstaen
629 3892 2827 4101 soo is goet gevonden dat die vande Oost zijde altijf
640 4044 2775 4230 de eerste zal zijn onvermindert dat den —
2400 4225 2733 4328 incent
