<?xml version="1.0" encoding="UTF-8" standalone="yes"?>
<PcGts xmlns="http://schema.primaresearch.org/PAGE/gts/pagecontent/2013-07-15" xmlns:xsi="http://www.w3.org/2001/XMLSchema-instance" xsi:schemaLocation="http://schema.primaresearch.org/PAGE/gts/pagecontent/2013-07-15 http://schema.primaresearch.org/PAGE/gts/pagecontent/2013-07-15/pagecontent.xsd">
    <Metadata>
        <Creator>prov=University of Rostock/Institute of Mathematics/CITlab|PLANET AI GmbH/Gundram Leifert/gundram.leifert@planet-ai.de:name=Dutch Mountains (18th Century)(htr_id=21683)::::v=2.6.6
prov=University of Rostock/Institute of Mathematics/CITlab|PLANET AI GmbH/Tobias Gruening/tobias.gruening@planet-ai.de:name=de.uros.citlab.module.baseline2polygon.B2PSeamMultiOriented:v=2.6.6
prov=University of Rostock/Institute of Mathematics/CITlab|PLANET AI GmbH/Tobias Gruening/tobias.gruening@planet-ai.de:name=/net_tf/LA73_249_0mod360.pb:de.uros.citlab.segmentation.CITlab_LA_ML:v=2.6.6
Transkribus</Creator>
        <Created>2020-09-07T17:37:12.087+07:00</Created>
        <LastChange>2020-09-07T16:51:45.684+02:00</LastChange>
        <TranskribusMetadata docId="471980" pageId="19528567" pageNr="335" tsid="39449885" status="IN_PROGRESS" userId="15017" imgUrl="https://files.transkribus.eu/Get?id=YUGRVGFGSGXTTTQZNTGQTEUO&amp;fileType=view" xmlUrl="https://files.transkribus.eu/Get?id=ITGRXBDMTNLSKSKSBRTAFXWG" imageId="15088404"/>
    </Metadata>
    <Page imageFilename="ID-ANRI_K66a_890_335.jpg" imageWidth="3106" imageHeight="4669">
        <ReadingOrder>
            <OrderedGroup id="ro_1620456137602" caption="Regions reading order">
                <RegionRefIndexed index="0" regionRef="r1"/>
                <RegionRefIndexed index="1" regionRef="r2"/>
            </OrderedGroup>
        </ReadingOrder>
        <TextRegion orientation="0.0" id="r1" custom="readingOrder {index:0;}">
            <Coords points="51,4304 51,4454 81,4454 81,4304"/>
            <TextLine id="r1l1" custom="readingOrder {index:0;}">
                <Coords points="32,4417 71,4420 74,4424 81,4417 99,4417 99,4343 67,4343 50,4357 32,4357"/>
                <Baseline points="51,4404 81,4404"/>
                <TextEquiv>
                    <Unicode>op</Unicode>
                </TextEquiv>
            </TextLine>
            <TextEquiv>
                <Unicode>op</Unicode>
            </TextEquiv>
        </TextRegion>
        <TextRegion orientation="0.0" id="r2" custom="readingOrder {index:1;}">
            <Coords points="180,67 180,4334 3102,4334 3102,67"/>
            <TextLine id="r2l1" custom="readingOrder {index:0;}">
                <Coords points="2792,127 2820,131 2855,158 2881,151 2917,177 2960,151 3003,149 3023,2 2998,6 2971,-5 2916,27 2889,16 2874,25 2846,-8 2811,-13"/>
                <Baseline points="2811,116 2840,117 2869,120 2898,125 2927,130 2956,134 2985,137"/>
                <TextEquiv>
                    <Unicode>335.</Unicode>
                </TextEquiv>
            </TextLine>
            <TextLine id="r2l2" custom="readingOrder {index:1;}">
                <Coords points="2864,262 2882,262 2886,258 2893,262 2896,258 2907,269 2924,269 2939,262 2970,262 2970,187 2946,184 2935,191 2910,177 2864,177"/>
                <Baseline points="2882,258 2918,255 2954,258"/>
                <TextEquiv>
                    <Unicode>1</Unicode>
                </TextEquiv>
            </TextLine>
            <TextLine id="r2l3" custom="readingOrder {index:2;}">
                <Coords points="2826,381 2854,382 2894,348 2905,350 2938,323 2965,342 2982,341 2976,257 2906,269 2884,256 2877,264 2852,255 2842,266 2817,268"/>
                <Baseline points="2838,315 2868,318 2899,315 2930,311 2961,309"/>
                <TextEquiv>
                    <Unicode>ofte</Unicode>
                </TextEquiv>
            </TextLine>
            <TextLine id="r2l4" custom="readingOrder {index:3;}">
                <Coords points="2205,693 2250,717 2316,679 2366,671 2400,691 2462,655 2531,688 2613,685 2622,523 2525,486 2462,542 2377,477 2340,510 2306,487 2246,540 2215,531"/>
                <Baseline points="2226,630 2252,632 2279,635 2305,637 2332,638 2358,638 2385,639 2411,639 2438,641 2464,642 2491,643 2517,645 2544,649 2570,654 2597,659"/>
                <TextEquiv>
                    <Unicode>1878.</Unicode>
                </TextEquiv>
            </TextLine>
            <TextLine id="r2l5" custom="readingOrder {index:4;}">
                <Coords points="311,1011 2423,1053 3063,1018 3063,901 2939,830 2674,933 2345,795 2108,894 1065,834 909,909 722,813 311,948"/>
                <Baseline points="329,980 464,983 600,986 736,987 872,987 1007,987 1143,987 1279,987 1415,986 1550,984 1686,984 1822,983 1958,982 2093,981 2229,981 2365,981 2501,982 2636,983 2772,986 2908,989 3044,992"/>
                <TextEquiv>
                    <Unicode>en Destroer Mitge d: der herwerte hee elhan Ripe</Unicode>
                </TextEquiv>
            </TextLine>
            <TextLine id="r2l6" custom="readingOrder {index:5;}">
                <Coords points="2458,1093 2522,1099 2617,1070 2670,1090 2694,1065 2766,1092 2822,1067 2865,1088 2910,1069 3048,1078 3047,1004 3008,1001 2980,1029 2948,1002 2853,992 2821,1010 2457,1022"/>
                <Baseline points="2477,1068 2504,1068 2532,1065 2560,1064 2588,1064 2615,1064 2643,1062 2671,1062 2699,1062 2726,1062 2754,1062 2782,1062 2810,1062 2837,1062 2865,1062 2893,1062 2921,1062 2948,1061 2976,1059 3004,1058 3032,1056"/>
                <TextEquiv>
                    <Unicode> mst Sijn Bouwe do</Unicode>
                </TextEquiv>
            </TextLine>
            <TextLine id="r2l7" custom="readingOrder {index:6;}">
                <Coords points="205,1139 3055,1131 2161,990 205,1023"/>
                <Baseline points="224,1116 364,1118 505,1118 645,1118 786,1119 927,1119 1067,1119 1208,1119 1348,1119 1489,1119 1630,1119 1770,1119 1911,1121 2051,1121 2192,1121 2333,1122 2473,1123 2614,1124 2754,1126 2895,1128 3036,1130"/>
                <TextEquiv>
                    <Unicode>met sijn puijsvrouw en Smieie p:r de aenstaeme pemsller den geseren maer</Unicode>
                </TextEquiv>
            </TextLine>
            <TextLine id="r2l8" custom="readingOrder {index:7;}">
                <Coords points="2431,1265 2532,1226 2640,1266 2674,1240 2787,1223 2859,1249 2897,1220 3008,1266 3004,1135 2428,1159"/>
                <Baseline points="2447,1211 2474,1212 2501,1212 2528,1212 2555,1212 2582,1212 2609,1211 2636,1211 2663,1209 2690,1209 2717,1208 2744,1206 2771,1205 2798,1205 2825,1203 2852,1202 2879,1202 2906,1200 2933,1200 2960,1200 2988,1200"/>
                <TextEquiv>
                    <Unicode>Patie te diteboken</Unicode>
                </TextEquiv>
            </TextLine>
            <TextLine id="r2l9" custom="readingOrder {index:8;}">
                <Coords points="210,1281 1589,1248 1791,1327 1908,1260 2208,1265 2209,1138 211,1140"/>
                <Baseline points="227,1248 325,1247 423,1247 521,1247 619,1247 717,1248 815,1248 913,1248 1011,1250 1109,1251 1208,1251 1306,1253 1404,1253 1502,1253 1600,1254 1698,1254 1796,1254 1894,1254 1992,1253 2090,1253 2189,1251"/>
                <TextEquiv>
                    <Unicode>bven veerte deseb daers van Cic: nae and te</Unicode>
                </TextEquiv>
            </TextLine>
            <TextLine id="r2l10" custom="readingOrder {index:9;}">
                <Coords points="187,1412 2248,1416 2274,1275 1789,1329 1722,1265 187,1288"/>
                <Baseline points="204,1388 306,1389 409,1389 511,1389 614,1391 717,1391 819,1391 922,1392 1024,1392 1127,1394 1230,1394 1332,1395 1435,1395 1537,1397 1640,1397 1743,1397 1845,1397 1948,1398 2050,1398 2153,1398 2256,1398"/>
                <TextEquiv>
                    <Unicode>mogetn w tecken: naerdien Bagrbeijder verbandt</Unicode>
                </TextEquiv>
            </TextLine>
            <TextLine id="r2l11" custom="readingOrder {index:10;}">
                <Coords points="216,1556 2301,1630 2304,1393 1922,1402 1698,1505 1456,1399 218,1414"/>
                <Baseline points="233,1533 335,1533 438,1535 540,1535 643,1536 745,1538 848,1539 950,1541 1053,1542 1155,1544 1258,1545 1360,1547 1463,1548 1565,1550 1668,1551 1770,1553 1873,1554 1975,1556 2078,1557 2180,1557 2283,1559"/>
                <TextEquiv>
                    <Unicode>de lange s„ geprurijt, bog isn hen bijler in bij</Unicode>
                </TextEquiv>
            </TextLine>
            <TextLine id="r2l12" custom="readingOrder {index:11;}">
                <Coords points="191,1742 335,1684 509,1777 671,1687 849,1767 898,1735 990,1748 1081,1704 1080,1605 992,1585 960,1617 723,1605 670,1631 525,1544 358,1556 271,1628 190,1643"/>
                <Baseline points="206,1689 248,1688 291,1686 334,1685 377,1683 420,1682 463,1682 506,1680 549,1680 592,1679 635,1679 677,1679 720,1679 763,1679 806,1679 849,1679 892,1679 935,1679 978,1679 1021,1679 1064,1679"/>
                <TextEquiv>
                    <Unicode>qualiteijd geartgdert</Unicode>
                </TextEquiv>
            </TextLine>
            <TextLine id="r2l13" custom="readingOrder {index:12;}">
                <Coords points="265,1922 2302,1923 2401,1878 2402,1765 266,1798"/>
                <Baseline points="284,1875 389,1871 494,1866 599,1865 704,1863 809,1862 914,1862 1019,1863 1124,1865 1229,1866 1334,1868 1439,1871 1544,1872 1649,1874 1754,1877 1859,1878 1964,1878 2069,1878 2174,1878 2279,1877 2385,1874"/>
                <TextEquiv>
                    <Unicode>e schepten woor gebraclt en overgelevert hebbej</Unicode>
                </TextEquiv>
            </TextLine>
            <TextLine id="r2l14" custom="readingOrder {index:13;}">
                <Coords points="2420,1936 2533,1922 2551,1939 2656,1908 2727,1924 2811,1897 2837,1921 3066,1915 3064,1809 3028,1817 2953,1766 2886,1768 2823,1812 2759,1782 2632,1799 2524,1724 2414,1731"/>
                <Baseline points="2436,1917 2466,1915 2497,1913 2528,1912 2558,1910 2589,1908 2620,1907 2650,1905 2681,1905 2712,1904 2743,1902 2773,1901 2804,1901 2835,1900 2865,1899 2896,1899 2927,1899 2957,1899 2988,1900 3019,1901 3050,1902"/>
                <TextEquiv>
                    <Unicode>Comidatie van Cohepene</Unicode>
                </TextEquiv>
            </TextLine>
            <TextLine id="r2l15" custom="readingOrder {index:14;}">
                <Coords points="2357,1994 2439,2006 2477,1983 2588,1998 2644,1979 2672,1996 2774,1975 2814,2006 2873,1972 2941,1988 3018,1957 3017,1915 2837,1924 2811,1899 2699,1924 2663,1907 2575,1942 2529,1922 2356,1952"/>
                <Baseline points="2373,1979 2404,1979 2435,1979 2467,1979 2498,1979 2530,1978 2561,1977 2593,1976 2624,1975 2656,1974 2687,1973 2718,1971 2750,1970 2781,1968 2813,1967 2844,1967 2876,1965 2907,1965 2939,1965 2970,1965 3002,1967"/>
                <TextEquiv>
                    <Unicode>t een Ritmiloder</Unicode>
                </TextEquiv>
            </TextLine>
            <TextLine id="r2l16" custom="readingOrder {index:15;}">
                <Coords points="189,2027 2120,2046 2258,1997 2259,1909 611,1887 190,1956"/>
                <Baseline points="209,2009 310,2006 412,2002 513,2000 615,1997 716,1995 818,1995 919,1995 1021,1995 1122,1995 1224,1995 1326,1997 1427,1998 1529,2000 1630,2001 1732,2003 1833,2004 1935,2007 2036,2009 2138,2010 2240,2012"/>
                <TextEquiv>
                    <Unicode>de nieuwe pominatie ten hemsester der borger</Unicode>
                </TextEquiv>
            </TextLine>
            <TextLine id="r2l17" custom="readingOrder {index:16;}">
                <Coords points="2414,2052 2556,2055 2607,2100 2648,2060 2711,2045 2740,2069 2832,2042 2878,2062 2945,2046 3055,2062 3053,1977 2964,1968 2940,1986 2865,1974 2813,2004 2770,1976 2413,1999"/>
                <Baseline points="2432,2046 2462,2048 2492,2048 2522,2048 2553,2048 2583,2046 2613,2046 2644,2046 2674,2045 2704,2044 2735,2043 2765,2042 2795,2042 2825,2040 2856,2040 2886,2039 2916,2037 2947,2037 2977,2037 3007,2036 3038,2036"/>
                <TextEquiv>
                    <Unicode>borgen Cavallleij in plaets</Unicode>
                </TextEquiv>
            </TextLine>
            <TextLine id="r2l18" custom="readingOrder {index:17;}">
                <Coords points="293,2170 2804,2193 3026,2149 3026,2057 840,2011 292,2085"/>
                <Baseline points="311,2148 445,2144 580,2139 715,2138 850,2136 985,2136 1120,2136 1254,2138 1389,2138 1524,2139 1659,2141 1794,2142 1929,2144 2064,2143 2198,2142 2333,2140 2468,2136 2603,2132 2738,2124 2873,2116 3008,2105"/>
                <TextEquiv>
                    <Unicode>wallenge in plaets wen oerleden E: abraham Vijer van abvau wijsz:</Unicode>
                </TextEquiv>
            </TextLine>
            <TextLine id="r2l19" custom="readingOrder {index:18;}">
                <Coords points="2376,2284 2394,2284 2401,2288 2415,2277 2436,2277 2436,2175 2405,2171 2394,2161 2376,2161"/>
                <Baseline points="2394,2201 2418,2201"/>
                <TextEquiv>
                    <Unicode>i</Unicode>
                </TextEquiv>
            </TextLine>
            <TextLine id="r2l20" custom="readingOrder {index:19;}">
                <Coords points="188,2316 2125,2331 2235,2316 2235,2192 187,2185"/>
                <Baseline points="206,2294 306,2294 407,2294 507,2294 608,2294 708,2292 809,2292 909,2291 1010,2290 1110,2289 1211,2288 1312,2288 1412,2286 1513,2286 1613,2286 1714,2288 1814,2289 1915,2291 2015,2292 2116,2295 2217,2298"/>
                <TextEquiv>
                    <Unicode>en dede we de selbb vek soonen dle bij teoende van</Unicode>
                </TextEquiv>
            </TextLine>
            <TextLine id="r2l21" custom="readingOrder {index:20;}">
                <Coords points="2214,2316 2235,2316 2246,2323 2263,2323 2263,2189 2214,2189"/>
                <Baseline points="2232,2294 2247,2294"/>
                <TextEquiv>
                    <Unicode></Unicode>
                </TextEquiv>
            </TextLine>
            <TextLine id="r2l22" custom="readingOrder {index:21;}">
                <Coords points="166,2504 2178,2521 2334,2450 2334,2316 166,2338"/>
                <Baseline points="185,2439 291,2444 398,2447 504,2450 611,2452 717,2454 824,2454 930,2454 1037,2454 1143,2454 1250,2454 1356,2453 1463,2453 1569,2453 1676,2451 1782,2451 1889,2451 1995,2452 2102,2453 2208,2455 2315,2457"/>
                <TextEquiv>
                    <Unicode>st f hud H  aednt ge</Unicode>
                </TextEquiv>
            </TextLine>
            <TextLine id="r2l23" custom="readingOrder {index:22;}">
                <Coords points="2406,2579 2519,2561 2576,2590 2622,2567 2690,2590 2727,2557 2810,2586 2950,2552 3026,2603 3022,2479 2957,2460 2930,2479 2810,2398 2632,2369 2514,2430 2400,2398"/>
                <Baseline points="2423,2564 2452,2564 2481,2563 2510,2562 2539,2562 2568,2561 2597,2558 2627,2557 2656,2556 2685,2554 2714,2553 2743,2550 2772,2550 2801,2549 2831,2547 2860,2547 2889,2546 2918,2547 2947,2547 2976,2548 3006,2550"/>
                <TextEquiv>
                    <Unicode>die derkiesinge door de</Unicode>
                </TextEquiv>
            </TextLine>
            <TextLine id="r2l24" custom="readingOrder {index:23;}">
                <Coords points="162,2644 2456,2690 2573,2677 2574,2571 2426,2580 2286,2448 1779,2566 163,2534"/>
                <Baseline points="180,2591 298,2598 417,2604 536,2607 655,2610 773,2612 892,2613 1011,2613 1130,2612 1248,2612 1367,2612 1486,2610 1605,2610 1723,2610 1842,2612 1961,2613 2080,2616 2198,2621 2317,2627 2436,2634 2555,2643"/>
                <TextEquiv>
                    <Unicode>gevonden als gij ditmaer tot geen niewe verhiesinde je</Unicode>
                </TextEquiv>
            </TextLine>
            <TextLine id="r2l25" custom="readingOrder {index:24;}">
                <Coords points="2556,2683 2612,2671 2705,2683 2819,2653 2863,2671 2901,2654 3012,2671 3004,2562 2892,2581 2856,2569 2826,2589 2748,2548 2684,2592 2626,2568 2595,2588 2549,2587"/>
                <Baseline points="2573,2658 2599,2656 2625,2652 2651,2649 2678,2647 2704,2645 2730,2641 2756,2639 2783,2636 2809,2634 2835,2633 2861,2631 2888,2631 2914,2630 2940,2630 2966,2630 2993,2631"/>
                <TextEquiv>
                    <Unicode>lgestelt</Unicode>
                </TextEquiv>
            </TextLine>
            <TextLine id="r2l26" custom="readingOrder {index:25;}">
                <Coords points="202,2819 2667,2811 3063,2765 3063,2666 202,2677"/>
                <Baseline points="219,2759 360,2756 501,2754 643,2753 784,2753 926,2754 1067,2756 1208,2759 1350,2761 1491,2763 1633,2766 1774,2768 1915,2769 2057,2769 2198,2769 2340,2769 2481,2766 2622,2763 2764,2757 2905,2751 3047,2742"/>
                <TextEquiv>
                    <Unicode>vaneenb: get temeser teden, nasen opedkenden optrek desemail</Unicode>
                </TextEquiv>
            </TextLine>
            <TextLine id="r2l27" custom="readingOrder {index:26;}">
                <Coords points="2424,2860 2481,2872 2572,2844 2612,2868 2657,2848 2884,2883 3014,2836 3121,2868 3118,2769 3021,2751 2891,2759 2860,2792 2788,2762 2655,2806 2488,2776 2422,2796"/>
                <Baseline points="2442,2841 2475,2843 2508,2844 2541,2844 2574,2844 2607,2844 2640,2843 2673,2842 2706,2840 2739,2838 2772,2837 2805,2835 2838,2833 2871,2831 2904,2829 2937,2829 2970,2828 3003,2826 3036,2826 3069,2826 3102,2828"/>
                <TextEquiv>
                    <Unicode>bij den luijt Jan Wijnend</Unicode>
                </TextEquiv>
            </TextLine>
            <TextLine id="r2l28" custom="readingOrder {index:27;}">
                <Coords points="185,2929 2087,2963 2271,2936 2271,2805 185,2830"/>
                <Baseline points="204,2913 306,2913 408,2915 511,2915 613,2915 716,2915 818,2913 921,2913 1023,2912 1126,2912 1228,2912 1330,2910 1433,2910 1535,2910 1638,2912 1740,2913 1843,2915 1945,2918 2048,2921 2150,2925 2253,2930"/>
                <TextEquiv>
                    <Unicode>desen zange bijden lijgenare vandie ompagnle</Unicode>
                </TextEquiv>
            </TextLine>
            <TextLine id="r2l29" custom="readingOrder {index:28;}">
                <Coords points="2410,2953 2485,2973 2619,2938 2704,2961 2788,2924 3000,2933 2999,2873 2691,2869 2659,2849 2610,2868 2570,2844 2510,2845 2479,2871 2408,2851"/>
                <Baseline points="2426,2924 2453,2923 2481,2922 2509,2922 2537,2921 2565,2921 2593,2919 2621,2919 2649,2918 2677,2918 2705,2916 2732,2916 2760,2915 2788,2915 2816,2913 2844,2913 2872,2913 2900,2913 2928,2913 2956,2913 2984,2913"/>
                <TextEquiv>
                    <Unicode>belaat waernemen</Unicode>
                </TextEquiv>
            </TextLine>
            <TextLine id="r2l30" custom="readingOrder {index:29;}">
                <Coords points="383,3068 677,3151 1083,3064 1780,3110 2041,3077 2041,2953 1606,2980 1521,2928 1040,2990 626,2939 535,3000 382,2944"/>
                <Baseline points="402,3080 483,3076 564,3074 645,3071 726,3069 807,3068 888,3066 970,3065 1051,3063 1132,3063 1213,3063 1294,3063 1375,3063 1456,3063 1538,3063 1619,3065 1700,3065 1781,3066 1862,3068 1943,3068 2025,3069"/>
                <TextEquiv>
                    <Unicode>oan delantr te laaten Waennemen</Unicode>
                </TextEquiv>
            </TextLine>
            <TextLine id="r2l31" custom="readingOrder {index:30;}">
                <Coords points="524,3443 1376,3428 1508,3330 1662,3394 1760,3329 2195,3329 2355,3411 2460,3359 2457,3182 1767,3177 1634,3243 1077,3157 764,3258 519,3167"/>
                <Baseline points="540,3351 635,3350 730,3348 825,3347 920,3345 1015,3344 1110,3342 1205,3341 1300,3339 1395,3338 1490,3336 1585,3335 1680,3333 1775,3332 1870,3330 1965,3327 2060,3326 2155,3324 2250,3321 2345,3319 2441,3317"/>
                <TextEquiv>
                    <Unicode>Anaen Hae l ontum als beber</Unicode>
                </TextEquiv>
            </TextLine>
            <TextLine id="r2l32" custom="readingOrder {index:31;}">
                <Coords points="1866,3602 1933,3597 2021,3547 2121,3554 2176,3521 2210,3550 2287,3537 2339,3569 2441,3561 2430,3424 2379,3396 2341,3420 2323,3403 2283,3449 2130,3479 2061,3466 2012,3427 1986,3451 1920,3427 1855,3454"/>
                <Baseline points="1880,3567 1907,3562 1934,3558 1961,3554 1988,3551 2015,3547 2042,3543 2069,3540 2096,3538 2123,3537 2150,3534 2177,3533 2204,3531 2231,3530 2258,3528 2285,3527 2312,3527 2339,3525 2366,3524 2393,3524 2421,3522"/>
                <TextEquiv>
                    <Unicode>Van doeis</Unicode>
                </TextEquiv>
            </TextLine>
            <TextLine id="r2l33" custom="readingOrder {index:32;}">
                <Coords points="1754,3833 1884,3829 1943,3798 2029,3824 2099,3789 2244,3798 2360,3759 2492,3804 2486,3627 2300,3669 2196,3623 2099,3694 1933,3597 1881,3634 1838,3618 1747,3653"/>
                <Baseline points="1770,3792 1805,3792 1840,3790 1875,3789 1911,3786 1946,3785 1981,3783 2016,3781 2052,3779 2087,3778 2122,3776 2157,3774 2193,3773 2228,3771 2263,3771 2298,3770 2334,3770 2369,3770 2404,3770 2439,3771 2475,3773"/>
                <TextEquiv>
                    <Unicode>Jn Jnlman</Unicode>
                </TextEquiv>
            </TextLine>
            <TextLine id="r2l34" custom="readingOrder {index:33;}">
                <Coords points="1576,4108 1943,4082 1988,4114 2101,4070 2222,4110 2416,4052 2506,4120 2695,4037 2685,3917 2466,3885 2339,3934 2256,3866 2035,3997 1845,3969 1794,4002 1669,3902 1565,3970"/>
                <Baseline points="1592,4094 1646,4091 1700,4088 1754,4084 1808,4081 1863,4077 1917,4074 1971,4070 2025,4067 2079,4062 2134,4058 2188,4054 2242,4049 2296,4045 2350,4039 2405,4035 2459,4029 2513,4024 2567,4020 2621,4015 2676,4008"/>
                <TextEquiv>
                    <Unicode>W: van Inthoor</Unicode>
                </TextEquiv>
            </TextLine>
            <TextLine id="r2l35" custom="readingOrder {index:34;}">
                <Coords points="1788,4353 1952,4309 2000,4349 2069,4318 2139,4360 2172,4323 2355,4293 2403,4269 2396,4125 2344,4145 2260,4099 2151,4172 2097,4153 2002,4176 1901,4138 1779,4176"/>
                <Baseline points="1802,4310 1831,4308 1860,4307 1889,4305 1919,4305 1948,4304 1977,4302 2006,4301 2036,4299 2065,4298 2094,4298 2123,4296 2153,4295 2182,4294 2211,4292 2240,4290 2270,4288 2299,4286 2328,4284 2357,4282 2387,4278"/>
                <TextEquiv>
                    <Unicode>Van Campheen</Unicode>
                </TextEquiv>
            </TextLine>
            <TextEquiv>
                <Unicode>335.
1
ofte
1878.
en Destroer Mitge d: der herwerte hee elhan Ripe
 mst Sijn Bouwe do
met sijn puijsvrouw en Smieie p:r de aenstaeme pemsller den geseren maer
Patie te diteboken
bven veerte deseb daers van Cic: nae and te
mogetn w tecken: naerdien Bagrbeijder verbandt
de lange s„ geprurijt, bog isn hen bijler in bij
qualiteijd geartgdert
e schepten woor gebraclt en overgelevert hebbej
Comidatie van Cohepene
t een Ritmiloder
de nieuwe pominatie ten hemsester der borger
borgen Cavallleij in plaets
wallenge in plaets wen oerleden E: abraham Vijer van abvau wijsz:
i
en dede we de selbb vek soonen dle bij teoende van

st f hud H  aednt ge
die derkiesinge door de
gevonden als gij ditmaer tot geen niewe verhiesinde je
lgestelt
vaneenb: get temeser teden, nasen opedkenden optrek desemail
bij den luijt Jan Wijnend
desen zange bijden lijgenare vandie ompagnle
belaat waernemen
oan delantr te laaten Waennemen
Anaen Hae l ontum als beber
Van doeis
Jn Jnlman
W: van Inthoor
Van Campheen</Unicode>
            </TextEquiv>
        </TextRegion>
    </Page>
</PcGts>
