3051 4630
2831 38 3001 206 229
2769 197 3074 353 20:9
159 522 2381 738 rijcxdaelders ter maent is toegeleght, te weten, de
151 683 2378 874 ilandijckers, baleijers, en Maleijers dogh de Iavanen
2396 656 3065 842 dogh de batavie Saaeen
893 788 1029 857 Lers
2407 816 2964 922 Maer met, 2. Rijxd=rs
152 779 2322 943 maer twee rijcxd: om dat dat volck geoordeelt
151 888 2207 1095 wert; meer tot onsen dienst te zijn verplighdo
156 1065 3056 1264 dogh de officieen, sullen alle Equael behoort: werden menderselves Oficurer
2366 1236 3066 1394 alle Equael te Tractren
159 1233 2378 1413 soo wel der Javanen, als d’ andere als namentlijck
1308 1335 1527 1457 dus
157 1305 1514 1560 de Corporaels met vier rijcxd:
143 1468 1183 1647 de sergeanten met ses.
153 1554 1297 1770 de vaendrighs met aght.
91 1697 1508 1869 de Luijtenants met thien, en
118 1789 2331 2017 de Capitains met 14 rjcxpdaelders. ter maent tot
2376 1851 2848 2061 E Boldamg
127 1912 2341 2147 48 swaere stuijvers ofte bschillingen der doge
147 2039 2323 2224 sonder kost gelt hoewel den rijs als anders jn't
159 2187 2390 2335 velt na de gelegentheijt des tijte door den Sousou
144 2279 2161 2445 hounangh, aen alle het volck moet werden
155 2357 607 2520 vers haft„s
145 2478 3014 2766 Den Pangian Coulongs tot Pantam, door onse, in / d E: oaen tolon sot
2425 2658 2987 2781 tn des Jasse
147 2644 2327 2867 Caaff hebbende doen versoecken, met een passte voor
2413 2736 3036 2882 a manilhater get tien
142 2784 2341 2926 zijn scheepje na Manilsa, te mogen werden gedient
139 2872 2361 3084 is op goede jnsighten verstaen hem daer mede voor dese
126 2970 1108 3142 mael te accomoderen.
201 3088 3070 3382 en alsoo den Deensen reident tot voorsz: L:antam Sent ind isi
154 3250 3069 3435 Joan Joachim Pauli, heeft versogst te weten: wt sesdent Lin tat ntang
2368 3387 3034 3493 te geven wegenden geligten
141 3375 2179 3539 beschuldigingen, daer moghten zijn tegens den
2374 3449 3058 3568 Schipper ntmij Vin doort
142 3492 2733 3664 schipper Anthonij van Doorn, die jongst door de Hr Landel haf
105 3537 2436 3757 Gouverneur Joan Dax, aende Caes volgens d'ordre
110 3666 2334 3867 der heeren meesters, van’t Eeense schip depsenix
33 3774 2445 3959 is gelight en p:r roemers wale na terwaerts over.
130 3893 2269 4099 gesonden, soo is best geaght denselven daer op door
131 3980 2452 4191 onsen resident Laaff, ten antwoort te laten dienen
124 4118 2252 4314 sulx alleen zij geschiet, om dat hij van Doorn
1993 4283 2338 4445 tegens
1947 4421 2078 4564 33
