3066 4486
2761 43 2841 235 5
1062 88 1698 473 Wonber
6 422 2600 604 :22: d:o din sm nader Ens sigh aentemanen, en te bedelen als derlijke bontgenoten
2608 521 2945 696 b: 445.
557 562 2368 706 met ons Volck naer Cadiesij op te trecken. - „
287 664 2625 819 sondersige aende bougijze volcheren, die paer mede in onsen dienst sijn te steen
2621 772 2721 862 N:
1761 753 1979 861 . P
566 767 1395 905 off mede te bemoeijen - -
2696 826 2938 1008 446
2634 871 2719 939 p
305 859 1954 1021 maer eder hin debroir te doen - - - - - - - - . - . .
0 876 69 1005 1
298 894 2628 1107 ’t schip Coppolen mits het verblijff der bougijs op de Cust van Java van Japara
2616 1050 2664 1152 „
521 1047 1519 1202 Weder Herwaerts te ontbieden.
314 1152 2916 1329 propositie van d’ H: Houvgen: over't Werk op Javas oosteus. - - - - - - „ 447.
-5 1154 260 1321 25. d:o
326 1269 2525 1456 batavias quamisoen blijft maer 800. Cospen sterk, meest onbequaem on
650 1395 2753 1509 teselt te trecken - - - - - - - - - - - - - - - - - - - - - - - - - - „
288 1444 2740 1585 bedenckinge daerover, te meerde bantamner op zijn zuijmen heijt - - - - - - . „.
2631 1564 2872 1710 „
283 1578 2521 1736 bij neevlagh op Javas oost cust laagen de waerdige ooster provintien Weerloos
314 1666 2606 1810 op de batavize burgen is geen verders tael te maeken van om de s tadt en voorstadt
679 1786 1210 1918 te bewaeken. -
301 1842 1802 2000 maerniet om'tselt te beschenen - - - - - - .
321 1946 2391 2134 „de Javanen souden ons bij sodanigen quaden toesal affvallen - - -
314 2090 2318 2221 o’t tegen monson salons volck om d oort: drucken - - - - - - - - -
313 2222 2504 2356 ’t opboeren allen Noodmendigheden tot een belegeringh boten na Caderij, schijnt
2616 2265 2961 2412 „ 448.
2135 2324 2186 2411 1
2362 2334 2485 2407 „„
655 2309 1711 2447 daerom oock ondoeelijck - - - - - -
347 2401 2701 2550 Debenckingh van lieter op ons selven te letten, dan om Ed, anders wee verloren tegaen„
346 2527 2513 2682 bij varoveringh van Cadierij, en ’t vluchten van Troekasaja, salder noghal
642 2620 1782 2782 meer dan nu te doen zijn - . . .
383 2744 2210 2887 Comp:s is ommagtigh soo grooten werk inees ter te werden . -.
321 2735 404 2860 be
343 2863 2412 2996 2: dan ons selven nogh te beschennen - - - - - - - - - - - - - - . . . .
334 2940 1843 3104 des talle vande Westcust, en oos ter prosintien . - . .
299 3059 1729 3199 al die ponicten dienden nogh enwogen - - - -
331 3166 2466 3329 Consideratie van Oh:r generael, om tot dese nader uijtsettingh na Jara, boden
582 3299 2365 3409 d’ Emajor, nogh te versoeken d’ Heer Joan. Camphuijs .
349 3378 1916 3527 diens Eparentheijt veel magh aenbetrouwt Werden
354 3489 2518 3646 onseijlen uijt een quaden uijtslagh van ’t leger van d :s scuidt te verwaghten.
353 3596 2742 3758 dHr. Camphuijs souw niet in prijckel, off boven na't leger behoeten te gaen . „.
2611 3698 2925 3842 „ 449
335 3732 2239 3889 Maers Voor sourabaija te scheep onse maght Commanderen:
363 3855 2328 3965 en den Maijor niet Werder telande laten optrecken als 't nodigh was..
361 3945 1985 4088 oim ons Volck jn 'tieger van toor ladierij wijligh aff te hrijgen
362 4054 2324 4199 „'t verder Gasarderen soo Ladien niet over was stee/t Volgelier
