3155 4656
42 -7 264 213 452
223 114 509 317 452
2557 310 2720 448 1
12 456 579 649 en de Meijn Solimen
1241 478 2428 676 ngeen nmaet hn
10 607 590 699 daer op biinen Geroepen
5 669 463 808 en bissie Gegeven
1231 656 2532 788 boude ate aangeieten dhe
626 798 2754 935 ledoen door eersthnd en de gesholde ceucen van
3 792 567 982 desen van d : H
20 946 464 1074 op de voorstaende
818 897 2577 1097 heeden boedeman, En amsbuijs Adee
13 1009 579 1120 2repositie van d H: gen:
22 1075 621 1221 wegens ’t werk om rooft
757 1016 2601 1239 aaene adeilen vande beboven bogtt on b hoo
865 1162 2214 1375 evssien van den Bej genog
1218 1311 2311 1521 teweeck oedaen metende
559 1442 2427 1668 een lange en boee gedouden devenkaelinge;
903 1586 2430 1802 dden deerdns verder vojnemen, ong
710 1728 2571 1930 ij in de vieden ijstalee van laaken aande
42 1848 2644 2085 Cop: i b: hijt en Aduiall mdomo dune ontrnctale noevn
23 1957 556 2075 de schep den keijgs magt
14 1985 2752 2218 t de en hn han de Poloman Eenvange voor aff deten, de gonepers
17 2111 552 2199 uijtstel over Papara
14 2163 559 2263 na Sourabaija te latsn
571 2117 2642 2362 bleven vE Eeijg magi onder gesemende ppoeman
16 2233 308 2365 voordgaer
557 2273 2579 2472 boute van ons leger: sonder uijtt het aenlanders en
545 2408 2577 2648 woonsdagh off donderdags adns Laande denwashan
551 2559 2660 2752 Japatas, Minbann, bedagts, gusfen h:t dinccen ae
556 2710 1824 2891 Coladaija te laaden voorgaen
630 2850 2234 3081 n baegm eerde ven Pore idis
6 2865 551 3038 d H: Geelmansal
21 2998 569 3121 verde nodige poncten
570 3001 2695 3230 uijt de gehoude discourssen de nodige pomcen van
15 3080 561 3180 van ordres aen d' H adm
19 3147 426 3249 sturt opstellen
571 3142 2785 3318 ordrie, anden Poer admitase Pindt en Paale, als het
21 3256 517 3432 hen d’ Eusaunctie
553 3285 2856 3480 Tnstctie kondende maijar Coucheren en dps tell
11 3398 445 3498 door d'Eemaijoor
7 3467 563 3583 om dan bij de Vergaderinge
577 3452 2860 3612 omme dan bij de vergaaeiige one boged dn net ode
-3 3552 545 3697 te werden geaprobeert
560 3559 1957 3720 approbatie be kraghteghe de verddel
753 3790 2256 3995 nson de commandeerde
