3089 4604
2791 41 3001 222 311.
2761 249 2836 417 3
1772 551 3059 805 bngt ij but den oppenoopn: Gilies
1303 532 1584 778 i
2435 708 3017 824 Vosbuegh getligeert tot
188 759 1899 903 van 12ilij laastede vasejende
2400 774 2971 887 Verantwoordinge, en
2438 855 2965 953 bevestiginge van sijn
303 879 1088 1050 tiste van maera
1399 889 2277 1075 noordie van
2430 910 3059 1079 voorgeven na maclabakt
2468 987 2691 1117 4e fan
247 1037 2430 1219 voorg vet ten overelovende wintnmen ens dnsomman
213 1142 2063 1319 Jacob Loos: als derelcke poegens dj selpet Inhou
2150 1161 2304 1319 d
206 1272 2334 1456 Cogipe: Intrest, en nadeel metckelijxk sijn vaakens
211 1358 2452 1608 en pan geen keeen belange werden aangesien; helff deen ma
204 1543 2390 1745 eerst sul berejdevilligh aengenomen; dogh naderhande
205 1627 2292 1852 tot onse verevonderinge, sigh daerte, ongenegen gethoont
198 1767 2438 1980 als versoeckende dien aengaende te mogen deijven geeuijde
204 1920 2340 2134 ten drete voor hem wierde tengesonden de tesoningh
275 2015 2329 2265 en Eischateus Genevals, ofte van opperhoorman deses
61 2111 2388 2356 Castiels, welck laast bij Eenigentej t btwaerts pnds
38 2319 2383 2553 d: Hoek waergehouwen, of oock osl: dae bij overmallabeer
199 2455 2234 2648 naer pestia mogede vertrecken, omme aldaer den
215 2611 2412 2813 edrickbent te verbangen, en die eroctie te dekeleden
198 2785 2461 2934 En waer toe dese vergadedingh iet hebbende konnen worden,
191 2927 2466 3070 als sijnde het maaken ten aangaen van lenige conditen
196 3024 2379 3264 oftie Compacten niet gebruijckelijck soo is anegete
190 3166 2351 3380 enondelinge toesegginge gedaen, dat op sijn persoon soude
192 3288 2317 3559 worden gelete; Ende indien bij ons quaeme te hepen
76 3444 2360 3687 Ssodanigh vergenougen in sijn getrighten, en aanwijsinge op
204 3589 2372 3817 mallabat, als bij bij sijn overgeeeverde verantwoordinge
171 3744 2171 3970 heeft voorgegeven, dat ij als dan oock selve geen
161 3881 2254 4116 Gouvernementen voor hem souden uijtgesloten blijven
2022 4071 2373 4220 indiene
