3087 4651
43 -2 260 124 180.
114 133 319 314 180
1002 240 1145 413 ƒ
628 451 2894 612 geexcuseert, en ’t gunt dan met eenen bequane aen„
641 545 2834 688 leijdinge zal geven, een ander gelegender plaetse.
16 549 635 721 an aendere lege en ete
42 680 611 817 aende tivier te Versoeke
632 683 2941 813 tot onse Logie jn Lamthaij, aende rivier kant met ernst
614 789 1228 952 te versoecken;
689 975 2812 1135 atmen oock jndien de zijde, en zijde stuck goederen
639 1144 3102 1272 niet deughtsamer, ofte civielder als jongst zijn te bemagtigen
32 880 629 1239 bedee
53 1223 614 1339 'tmeeste Capitael in gout
625 1200 3029 1339 liever het meeste retour Capitael, jn gout sal besoeden
37 1290 315 1400 te besteden
616 1327 2900 1461 en het selve al wast voor eerst maer tot 150 E gl.
22 1366 617 1496 En bij goet s  s al wast
17 1472 569 1564 Voor eerst ma 150
547 1464 641 1569 g.
630 1467 2854 1584 toe met een der lighste schepen tijdigs naer 1alana,
13 1531 599 1638 na Malacca te senden
621 1543 2880 1723 bestellen, om voor 't benodigede Cormandel, te dienen
623 1667 2959 1800 te weten soo men dan de andere bodems sonder schroom
4 1722 523 1884 Soo t sonder behet ho
628 1802 2772 1937 voor de Copinders, daer alleene magh vertrouwen
37 1853 418 1982 Beschiede —
623 1894 2788 2057 en anders niet; maer het voorstel van den Coopman
14 2001 642 2156 T voorstel om een bodem
649 2007 2852 2134 bhagen, op aenradinge sonigen Chinesen, omme
19 2099 665 2218 met zijde &a uijt Hokzien.
621 2116 2796 2273 bij jncoop van Zijde, deselve uijt Hocksieuw voort
25 2174 586 2280 te laaten Voortgaen
40 2245 432 2368 Gedeclineert
628 2253 2898 2412 direct  kn, naer Iapan, te bestellen, is om
629 2357 2826 2502 verscheijde redenen, (en als meer op hun particuliere
618 2490 2839 2619 Jntressen, dan Compt: spectevende; verstaen absolut te
620 2590 1174 2740 declineren.
687 2816 2785 2953 En belangende de voorslagh omme tot verkrijginge
640 2887 3103 3076 des vrijenhandels, de Hocksieuse regenten, bedicktelijck
12 2981 660 3119 tbeschenhen der hockziens
2815 3048 2929 3149 —
634 3016 2834 3152 en onder de handt met de waerde van 3: a 4000:
16 3085 613 3189 Hegenten totten Vrijse
35 3145 546 3242 handel Wert aen 't
642 3137 2917 3276 Caijlen te beschencken, dat wert jndien er jets met
27 3212 637 3302 Voorsigtigh beleijt van
39 3279 622 3409 d' H:r Casar gedefereert
626 3231 2924 3417 sekerheijt van waere te hopen, aen’t voorsightigh beheijt
636 3356 2910 3517 vande H:r Casar, en den raadt gedefereert; En
633 3511 2956 3675 soo mede offmen aen gemelte Regenten, uijt oulen
16 3547 540 3731 Hen ofinen Sulcx
637 3587 2865 3732 name, de geschencken publijcq, ofte secreet, sal
40 3654 628 3795 Publijck off srert sal
26 3744 229 3862 1. boen
651 3704 3033 3880 moeten doen, ende waeromme jnde aen haer te schrijven
637 3828 2882 4003 brieven, daer van niets en zal werden vermelt, dogh.
30 3903 611 4069 de sacts aemheijt hit
10 3969 2848 4098 wghvjaren alsirs alsins omtrent de schenckagien, aen groot en kleen
26 4101 454 4220 Ho vtragten
2647 4074 2815 4219 s00
