3030 4713
55 29 248 167 282
113 180 338 338 288
676 441 3046 833 Samirdagh 30 egustij 1672
756 810 2371 1004 Sorgens Jan orde den gaderinig
2167 925 2882 1094 200
638 928 789 1232 5
703 1094 881 1274 1
776 1057 2791 1325 ebdesingneert werende oet de aftesectene
638 1253 2869 1469 kescritig en ordrao naer Souratta, en porsia, waer
640 1391 2906 1607 van de notulen uijt de ontfange advisen bij den Hebere
621 1559 2883 1776 directeur generael CCornelis speclman sijn
646 1683 2726 1936 voortgebraght, nae dien den Commissarie, d
631 1824 2883 2055 moupen directir danie parve met de derspacrts
625 2007 2877 2205 deprojecteerde, sij ale ue vastgestelde 4ckeoelkeren
34 2021 577 2190 de schepen Coevorden
19 2120 601 2241 China Sumatra en de
18 2171 2910 2341 Hiluwe aengeleijt nad weerbacke bodene Loeporden, de vehuwe, sumatra
18 2247 555 2432 Souratta en Persia
620 2313 2788 2546 en Chim in't laest der aenstaende weeck stul
622 2461 2919 2689 ofte gaen; soo is voor Eerst verackendet de sourns
629 2615 2793 2796 directie goedgevonden, bij onse afgesondene breeven
10 2612 628 2791 bij de gege ondere an
2770 2629 2967 2811 „
26 2747 631 2846 No. 1676. en 1677: nae
11 2817 583 2935 Souratta en Persia te
618 2817 2814 2960 in dato 12:' maert den p=r Sepember 1656. Joem
12 2892 359 3053 Persisteren
634 2916 2824 3169 20:' augustij des vergangen Jacre 1677. als nogh te
599 3068 2901 3318 persisteren, voorsoo veel op de meest nodige saecken e
607 3288 2880 3435 in sommige dingen de tijden gee veranderinge hebben
607 3394 2819 3610 mede gebraght, hoewel den ECommissars Parcc
564 3561 2904 3760 met den Heer abbema sullen werden gerecommandeert
597 3711 2792 3949 te saamen aendaghtigh te besoigneren, of er niet nogh
601 3879 2687 4116 jets naeder voor den welt Pant van de generacle
2478 4155 2830 4300 Compag:s
