2995 4677
58 35 289 153 286.
111 144 418 363 286.
21 700 605 897 En bo hel der Peset
38 860 504 938 penningen te doen
34 916 616 1018 affleggen, als enigzints
26 975 454 1105 Geschieden Kan
10 2020 79 2144 C
22 2064 602 2221 Project om te ondersene,
38 2184 597 2271 alhier nogh een Capitail
17 2243 153 2341 van
142 2249 551 2335 E: gl: vande
48 2297 568 2391 Gemeente Op Intrest
29 2356 285 2490 te nomen
1 2651 519 2887 en ven an tij
-15 3221 581 3359 En om daer bij de borgerij
0 3321 588 3399 vande Zeelaert te diverteren
-6 3385 591 3467 en den Particulieren handel
16 3456 457 3543 te beter to Weezer¬
2337 355 2471 455 34
593 593 2820 805 der vlleden en andere Coopmanscrappen, Tovanse
627 814 2842 947 van gewmelt opgenome geeden sullen moeden Weder
612 941 2829 1136 afgecegit als Eenigerwaeten sal bij de brongen wesen
602 1081 2813 1250 inee vooremen ons bicemce Het kijmecondse uijt
617 1203 2858 1401 vaderlandt en verder op d’een of danderwijse dembes over
614 1374 1637 1535 doenlijck te tidden
602 1502 2808 1727 En waeromtrent althans oock bij dese vergaderinge in
600 1657 2671 1877 sericuse doliberatic en Consideratie wert genomen,
591 1768 2764 2031 tewijle de penningen aldacr present niet minder als met
589 1929 2832 2146 drie quart per hout termaent op Intresthonden werden
622 2113 2849 2280 genegerisit, omme liever allier tot batania te ondersaen
596 2228 1745 2450 een Contant Capitael van
1957 2282 2075 2396 â
2346 2273 2888 2455 duijsens guld:
603 2396 2742 2642 van de gemoente deser steede nogh op Iutrest te nemen.
591 2560 2936 2754 met gelijcke advance vanjder Lent termaent, te eteen
594 2748 2801 2912 voor beckeren tijt, en mits dat die gelden alsoos aende
608 2869 2792 3082 Eijgenaers op haer tegeeven ten Eersten edepoms
597 3064 2801 3253 souden werden gerestitueert; werdende gemeent, en bij
604 3215 2831 3421 nae vasegesteld, de hier door niet alceen de Equipage
594 3360 2740 3591 derborgens ter soe van sighbeeven sae afnemen, en
593 3594 2837 3757 verminderen, maer dat het dock Een kragitigh middel
576 3725 2750 3890 sal sijn, tot weringh vanden schadelijcken particulieren
543 3869 2791 4119 handel met ’s Comp:s schepen, en door desselfs Eijgen
581 4034 2601 4244 dienaten, dewelcke, wanneerse selve daer toe geen
2472 4249 2786 4412 middelen
