3113 4673
15 26 489 204 390. 390
688 680 2832 934 Cer van de koue n abmen van de te
631 841 2910 1016 hen En sijn venen oiieren dininstaende omde
582 1000 2741 1176 aie laar uijt kijse geeden wegens de Pakier
735 1102 2857 1323 dam in bjmaand, Lede p: febrnaij date bij
513 1413 2754 1564 met hun envoij in Ingelant aantvoesd n: wijders
21 1443 514 1606 d'iperhoofden van de
9 1563 440 1657 Huijt staijen voor
857 1544 2773 1723 geede hoove d 101oes bereeden maends alhie
12 1630 436 1716 godana uijtrlijse
-4 1694 529 1833 Volle prinus totgeleijd
514 1687 3018 1868 aengeland sijn / soo wert haer toegeleght de ordinarij vallewoie„
583 1841 2983 2090 en onderoomman dictiel datlde desen daars uijtbouwesre
6 1954 478 2107 den ondercoopman
-8 2081 436 2182 Michiel Baeld
668 2061 2869 2216 komen, en als in versoekende met d’aanstaende seteur
16 2142 512 2245 litentie nat Patria
-2 2219 308 2345 vergunt
1326 2151 2774 2353 mogen vertrocken; soo dom sull
504 2169 1093 2372 vood nar
1354 2318 2770 2485 lijck mede den phierman door
8 2355 562 2515 Jan den pe Janden
18 2492 497 2604 Jacob speght mee
694 2460 2612 2654 h om me sijn huijsernu de mogen sepatrieren
4 2562 301 2677 Sijn Vrouw
471 2610 2932 2815 en de veverandel tot banjermascine de beder de verhingen
521 2746 3007 2926 is goet gevonen nu meeden Compman Jan de lechelen wederom
561 2885 2856 3075 en brief en sangens geschonck aanden van gevan agon
0 2895 542 3065 een brieff en Gescheik
-2 3020 540 3143 aenden Langsran van
3 3094 507 3211 banjermassingh te
526 3026 2729 3239 de laaten afgaen, en d’onse aldaer te becommanderen
3 3170 230 3284 senden
525 3216 2898 3369 datse den handel toe onse nader ordre binnen behelpsboort
-3 3244 499 3368 ende negotie aldaer
11 3338 503 3440 tot nader ordre aen
524 3342 2903 3521 in derbestervoogen sullen hooben de drijven, sonder als nogen
4 3403 402 3492 boort te drijven
9 3470 465 3553 sonder een logie aen
-1 3534 429 3658 lant te versoeken
523 3466 2503 3686 om een logie aen lant te versoeken; of de dencken
601 3625 2885 3824 sullendc: wijders de Havens boosten, en bewes ten lanjer
7 3701 540 3861 de Verdre Havens op
8 3832 525 3943 bormabij tijts gele„
534 3775 2913 3956 op het Eijlantborneo geeegen, Indient sonder tijt verlies of
0 3901 434 4022 gentheijt met de
-6 3976 492 4078 Helena mede eens
520 3918 2977 4134 Eindermisse der negotie kan geschieden, met hed sluijdje Helena
4 4044 416 4169 te ondersoeken
2583 4126 2880 4253 we
