3195 4688
768 268 1325 596 2n„
64 540 3012 770 29: d:o 't opbonden van enigh geschenck aen den keijser, als buijten ordre te verschuijden P: 181.
334 718 2561 831 bij versoeken om adsistentie tegen de Copjnders sulx aff te rijsen . - . - . .
2720 792 2950 897 „ _
321 798 2407 913 om dat zij deselve voordesen niet hebben geextineert off Dickent
2737 877 2867 995 „ —
328 847 2688 1035 teonders saen onder de Hant, offmien in kantop niet mede balmogen zandelen:
2725 982 2809 1052 .„
306 957 2606 1109 E, dan de brantgans In't fetouduene, daer En passant eens aesn te benden. -
134 1010 310 1181 —
327 1042 2637 1222 d’'ECasars te sughkomste off verblijff voor een Jaer, aen sijne selff, niet
2749 1103 3038 1254 „1.82
1217 1177 1899 1280 --- - - -----
647 1172 1241 1322 den saet gedesojeert
291 1231 2826 1390 den Coopman Jacobschagen aldaer gerdvanceert tot Opp:s Coopman met 75. guld s . . . „
344 1358 2590 1498 de Coopluijden schaagen en keijter goet te doen 200. teijlen siever in Bockzienis
2716 1370 2816 1529 „
666 1476 2191 1574 laestaen Baer Verseent . . . . . . . . . . . . .
2732 1503 2856 1655 1
159 1537 2199 1671 —d’ongenomineerde bchenckagie Van Timpinsiancon . . . ..
351 1568 2833 1770 weder op gelijcke Manier met dewaerde van 980. pz:. telaten. fecompenjenn, - - „
161 1722 2493 1885 —d ECasar sal als Commissaris op ’t gedoente van d’ onse in Hockhieu
687 1810 1330 1938 nauwheurigh letten
2745 1871 3008 2034 „183
206 1884 2354 2030 totte voige Justactien van A:o 1676. en 16:17. Wegt ook gerefeveert - .
128 1991 2676 2128 — de Chineze schepen Palembangh telaten aengieven, om hun manquerende steper
723 2103 1510 2231 aldaer Intenemen
824 2437 1223 2627 Julij
14 2551 2685 2755 - 4: d=o d E : anth. Mmindt uijt amboina gekomen, beEdighe, en neemt Cessie, als
2728 2592 3042 2815 „ 184
687 2715 1445 2844 Cndinarij saedt - - - - -
2745 2758 3047 2898 „ 185.
70 2745 1888 2976 „ 1: do deliberatien over 't werck op Javas Boolcus
377 2858 2609 3030 en fesolutie omme desaeken des Jousourounanghs op nieuw Weder met Alle
670 2982 1538 3135 Nigeur aente vatte - - - - - -
353 3046 1911 3206 Croenasaja en de hebbelen des mogelijck te verdelgen.
2767 3093 3048 3264 „ 186.
368 3125 2664 3287 alle mogelijke magt onder een aensienlijck minister daertoen ilf testeeken. -
373 3222 2837 3360 eenige bequame borger Jaghjes, en Chialoupen daer toenodigh tot taxatie aen tenemen. „
367 3328 2613 3500 en deborgeij daer door oock alsoo vande Equipagie ter zee te diverteren.
386 3453 1778 3610 ’t daghe de flaman na Macassar aff tesenden . . -
379 3572 2089 3706 en Certholen van macassar mede te laten derwarts gaen
394 3616 2062 3775 tot Affhael van Hadia Palacca, en oock Lran bisser - . .
2926 3682 3002 3809 8
367 3692 2730 3871 Etain Prouron des mogelijck Jneertmnie mede te doen Herwaeris zomen.
407 3812 2683 3987 Sadija palaccas bij hebbend bougijs tot 5. â 600. man te ontbieden op Japan
717 3954 1771 4091 te doen aenlantgaen - - - - - - ..
387 4016 1670 4189 Madirhem in persoon hier te laten Comen
