2999 4524
58 31 205 179 2
1849 408 2862 637 ddhibds op dit
32 386 1211 653 Einhaer Gebiot te dese branbd
52 586 332 758 vergroott
727 586 2858 806 Eylende nogh verder uijt te setten, en haer meester
620 701 2845 882 de maecken, soo wel vande vanden vaijde E: Comp:s
622 834 2786 1044 als die vande gemelde zodduhounangs, om de oost
630 991 2937 1167 vande Riviere Cravan tot Coderibon de inwelcken
630 1125 2837 1346 gevalle dede hande door daer te lande alsoo, omcln¬
631 1280 2987 1437 geld en besloten zijnde, oock alle soevoer soude konnen.
622 1408 2939 1573 werden belett, ende niet anders open houden als ju't
628 1553 2966 1773 Woorden de zeer soo heeft de vergaderingh nj extraordt
116 1636 632 1845 geresolveert datr
629 1700 2824 1906 bij malkander gekomen zijnde ocoordeelt, dat het
672 1820 731 1901 86
89 1827 657 1918 tgens Wel op Hoode
97 1884 358 2045 A zijn
627 1828 2846 2060 tijt begins te werden, om voorsigstigh en op hoede
619 1948 2879 2199 te zyn te meer alsoo sekere tijdinge bekomen hebben
631 2101 2832 2258 dat de selve Bantammeers haer niet en ontsien
47 2230 572 2359 Wonder Alaes e
635 2235 2844 2437 met haere troupen devers door ’s Comp:s landen
63 2332 549 2433 loedenckinge ooe
80 2393 500 2539 haer gedoente
647 2375 2877 2596 na de oost op te trecken, ende oock getraght hebben
640 2504 2905 2745 tot afval te bewegen, en aen haer  zjde te trecken
598 2630 2898 2814 den pangiran van ’t Lando van Sammadangs, een
622 2779 2864 3000 onder daen vanden meer gemte Sousouhounangh ende
621 2908 2880 3059 dewelcke eenigen tijt geleden, sigh geverst, en aen„
648 3045 2846 3214 gevoghten vindende, door de regeringe tot Cheribon
632 3187 2842 3318 diemen nu niet anders kan aenken, als subjecten van
653 3317 2717 3520 Bantam:) ’s Comp:s addisteutie heeft versoght
635 3419 2813 3623 ende die htem dan oock door dese vergaderinge
659 3557 2787 3736 is toe geleght waer en boven dan oock nogh in
645 3692 2829 3839 bederckinge gekomen zij off niet wel dese stout„
657 3809 2836 3997 heijt der Bantammers te meerendele veroor„
655 3957 2836 4178 saeckt zij door onse alte groote lijdsaemheijt
658 4096 2842 4282 en het verdragen van soo menighvuldige onge
2589 4253 2870 4384 lijcken
