3066 4462
23 3452 113 3569 6
2843 98 2928 315 1
16 104 78 309 i
638 112 1407 455 S Octobok
38 413 2555 576 17: d:o bschopen africa Hendick Maurits. S: andries, Jonas, en Juff: Maria
546 473 2939 659 voor d'eerste besendinnge na 't Vaderlant aengeleijt tegen ic:o ovend:r . . p:o 383.
43 648 165 798 35
2633 654 2953 794 „ 384.
282 641 2610 812 silvers ten. off de eelebeer na desen daer nogh bij te voege, voor amstrdam
301 755 2287 940 6000: lb: Jagelen met die schepen na't Patria afftestoeken . . . .
2616 887 2710 989 „
283 874 2331 1038 Item al den Voorract Van Canneel, nooten. en foelij .........
2074 956 2408 1094 315
317 976 1408 1124 Except de sleghte tompen . - . . . . .
324 1025 2333 1243 die mettel tede ant nagelen voor den Jnlandzen vandel hulen dienen.
291 1181 2436 1334 alle de perziaenze, en Chineze zijde, en zijdestoffen, Iten, 400. packen
2366 1320 2467 1437 ..
2617 1234 2698 1416 „
594 1312 2199 1458 bengaelze zijde, mede Voor't Vaderlant te dienen.
2224 1351 2354 1558 g
2701 1382 2930 1534 385.
290 1373 1610 1559 In Equale portien voor de Cameren . ..
315 1466 2736 1673 ’t schip den blauwer zulck met ts, en behoeften voor de laep de goede hoop aengle„
298 1616 2651 1777 de Chialoup Vesthunis met eenige nootlijckheden nogh naer sumatras westhust
652 1751 1473 1880 te bonden . - - - - - - - - - -
300 1794 2608 2022 om datnen han dogh dit Jaer met de geeijschee militairen niet hag zecondere,.
257 1961 2639 2135 2000. p:s peper nogh mette besendinge over malacca totten Handel in Deng=
2615 2044 2978 2229 „ 386.
620 2072 1873 2267 Aff testeeken - - - - - - - - . . . . . . . .
300 2193 2696 2393 de fleuijt soesdijck uijt Javan Verwacn, Wert van malacca Voor bengale geprojeg:t„
126 2317 2275 2507 dehuijt de voorsigtigheijt over Ceijlon na souratte, En persia
2607 2487 2666 2558 „
115 2438 2462 2615 de fluijt 't huijs te spijck voor Cormandel. . . . . . . . . . . . . . . . . .
281 2535 2639 2715 de fleuije nootenbroek naer mallabaer, en souvatta, om met tark herwvaers
2593 2637 2908 2813 „ 387
605 2685 900 2808 tsekeepen
301 2736 1893 2948 de fleuit Stinen na Nasulipatnaim En peguis - - -
279 2898 2676 3056 om de testanten van daer nederns aerde buegh van Leijlonberwaer over te halen
291 3025 2175 3192 on op 1egu Boeder sgelieset op een ffenboden te geraeken.
2604 3113 2940 3255 „ 388
298 3113 2285 3322 't Jach de pijl Nederom over Malacca naer Ceijlon te senden - - - „
292 3237 2695 3410 ret Intentie om 'tselve voort van daer en Voijagie naer mocha te laten doen . . „
288 3399 2672 3537 tgalliot de snobber Voort patria Jnplaets van ’t uijtgebrachte Iser, met Coper, en
515 3485 1326 3661 spiaulier te ballas ten.
260 3601 2572 3735 den ondercoopman Iacob schoegh teel op in plaets van d’ E vanden bolck als —
598 3724 1630 3873 Eerste in ’t 1ijs Maguazijn - - -
287 3813 2926 3981 en den ondercoopman, Barnan van boehienbingh Wederom als 2: daer in gestele „ 389.
