<?xml version="1.0" encoding="UTF-8" standalone="yes"?>
<PcGts xmlns="http://schema.primaresearch.org/PAGE/gts/pagecontent/2013-07-15" xmlns:xsi="http://www.w3.org/2001/XMLSchema-instance" xsi:schemaLocation="http://schema.primaresearch.org/PAGE/gts/pagecontent/2013-07-15 http://schema.primaresearch.org/PAGE/gts/pagecontent/2013-07-15/pagecontent.xsd">
    <Metadata>
        <Creator>prov=University of Rostock/Institute of Mathematics/CITlab|PLANET AI GmbH/Gundram Leifert/gundram.leifert@planet-ai.de:name=Dutch Mountains (18th Century)(htr_id=21683)::::v=2.6.6
prov=University of Rostock/Institute of Mathematics/CITlab|PLANET AI GmbH/Tobias Gruening/tobias.gruening@planet-ai.de:name=de.uros.citlab.module.baseline2polygon.B2PSeamMultiOriented:v=2.6.6
prov=University of Rostock/Institute of Mathematics/CITlab|PLANET AI GmbH/Tobias Gruening/tobias.gruening@planet-ai.de:name=/net_tf/LA73_249_0mod360.pb:de.uros.citlab.segmentation.CITlab_LA_ML:v=2.6.6
Transkribus</Creator>
        <Created>2020-09-07T17:37:01.365+07:00</Created>
        <LastChange>2020-09-07T16:21:36.851+02:00</LastChange>
        <TranskribusMetadata docId="471980" pageId="19528444" pageNr="215" tsid="39444467" status="IN_PROGRESS" userId="15017" imgUrl="https://files.transkribus.eu/Get?id=PFQRRPAYLZFWGXNDAHQKFLUK&amp;fileType=view" xmlUrl="https://files.transkribus.eu/Get?id=GTUNWJQUGVMTJTPUXHHTHBDB" imageId="15088281"/>
    </Metadata>
    <Page imageFilename="ID-ANRI_K66a_890_215.jpg" imageWidth="3082" imageHeight="4614">
        <ReadingOrder>
            <OrderedGroup id="ro_1620456115328" caption="Regions reading order">
                <RegionRefIndexed index="0" regionRef="r1"/>
                <RegionRefIndexed index="1" regionRef="r2"/>
                <RegionRefIndexed index="2" regionRef="r3"/>
                <RegionRefIndexed index="3" regionRef="r4"/>
            </OrderedGroup>
        </ReadingOrder>
        <TextRegion orientation="0.0" id="r1" custom="readingOrder {index:0;}">
            <Coords points="0,3773 0,3932 87,3932 87,3773"/>
            <TextLine id="r1l1" custom="readingOrder {index:0;}">
                <Coords points="-16,3920 5,3919 16,3908 30,3914 65,3899 107,3897 102,3767 71,3771 56,3761 46,3772 32,3769 25,3777 7,3763 -21,3768"/>
                <Baseline points="0,3879 29,3880 58,3882 87,3873"/>
                <TextEquiv>
                    <Unicode></Unicode>
                </TextEquiv>
            </TextLine>
            <TextEquiv>
                <Unicode></Unicode>
            </TextEquiv>
        </TextRegion>
        <TextRegion orientation="0.0" id="r2" custom="readingOrder {index:1;}">
            <Coords points="102,23 102,173 120,173 120,23"/>
            <TextLine id="r2l1" custom="readingOrder {index:0;}">
                <Coords points="85,134 102,134 109,127 117,127 120,124 138,124 138,28 117,28 109,35 85,35"/>
                <Baseline points="102,123 120,123"/>
                <TextEquiv>
                    <Unicode>1</Unicode>
                </TextEquiv>
            </TextLine>
            <TextEquiv>
                <Unicode>1</Unicode>
            </TextEquiv>
        </TextRegion>
        <TextRegion orientation="0.0" id="r3" custom="readingOrder {index:2;}">
            <Coords points="95,404 95,564 179,564 179,404"/>
            <TextLine id="r3l1" custom="readingOrder {index:0;}">
                <Coords points="76,535 115,533 152,504 176,523 197,524 206,365 188,364 177,374 138,372 124,382 85,376"/>
                <Baseline points="95,504 123,514 151,514 179,510"/>
                <TextEquiv>
                    <Unicode>7</Unicode>
                </TextEquiv>
            </TextLine>
            <TextEquiv>
                <Unicode>7</Unicode>
            </TextEquiv>
        </TextRegion>
        <TextRegion orientation="0.0" id="r4" custom="readingOrder {index:3;}">
            <Coords points="98,59 98,4477 3078,4477 3078,59"/>
            <TextLine id="r4l1" custom="readingOrder {index:0;}">
                <Coords points="2839,134 2877,137 2904,157 2933,146 3018,146 3027,52 2995,49 2962,24 2944,23 2918,42 2898,19 2849,18"/>
                <Baseline points="2858,105 2886,108 2915,112 2944,117 2973,118 3002,114"/>
                <TextEquiv>
                    <Unicode>215</Unicode>
                </TextEquiv>
            </TextLine>
            <TextLine id="r4l2" custom="readingOrder {index:1;}">
                <Coords points="2676,326 2881,317 2902,331 2919,316 2986,311 2982,141 2904,154 2876,137 2830,138 2716,230 2673,227"/>
                <Baseline points="2694,290 2719,286 2744,282 2769,281 2794,281 2819,281 2844,282 2869,282 2894,282 2919,281 2944,279 2969,273"/>
                <TextEquiv>
                    <Unicode>215</Unicode>
                </TextEquiv>
            </TextLine>
            <TextLine id="r4l3" custom="readingOrder {index:2;}">
                <Coords points="228,663 2438,690 2471,577 2313,508 1998,582 1671,499 1525,586 965,490 229,543"/>
                <Baseline points="245,627 355,629 465,630 576,631 686,632 797,633 907,635 1017,636 1128,638 1238,639 1349,641 1459,642 1569,644 1680,645 1790,647 1901,648 2011,650 2121,652 2232,654 2342,656 2453,657"/>
                <TextEquiv>
                    <Unicode>en verder verwagjst patrias onthet, nogh t a 2 tonnen</Unicode>
                </TextEquiv>
            </TextLine>
            <TextLine id="r4l4" custom="readingOrder {index:3;}">
                <Coords points="237,755 2458,781 2459,707 1962,647 1873,717 1616,646 1273,712 239,649"/>
                <Baseline points="254,729 363,732 472,735 582,737 691,740 801,742 910,744 1019,747 1129,749 1238,750 1348,753 1457,754 1566,755 1676,756 1785,758 1895,758 2004,758 2113,758 2223,758 2332,756 2442,755"/>
                <TextEquiv>
                    <Unicode>zal konnen laten volgen, omme daer mede zoo veel</Unicode>
                </TextEquiv>
            </TextLine>
            <TextLine id="r4l5" custom="readingOrder {index:4;}">
                <Coords points="229,896 2377,862 2378,788 2237,754 2130,813 231,762"/>
                <Baseline points="248,831 353,833 459,834 564,836 670,837 775,840 881,842 986,844 1092,846 1197,848 1303,850 1408,852 1514,854 1619,855 1725,855 1830,855 1936,855 2041,855 2147,854 2252,852 2358,849"/>
                <TextEquiv>
                    <Unicode>Jntrest penningen, van een ten hondert afteleggen</Unicode>
                </TextEquiv>
            </TextLine>
            <TextLine id="r4l6" custom="readingOrder {index:5;}">
                <Coords points="256,964 1898,951 2282,1041 2471,895 256,897"/>
                <Baseline points="272,936 381,936 490,937 599,938 708,939 817,941 926,944 1035,945 1144,948 1253,951 1363,953 1472,956 1581,957 1690,959 1799,960 1908,962 2017,962 2126,960 2235,959 2344,957 2454,953"/>
                <TextEquiv>
                    <Unicode>als buyten overhanderinge des handels kan geschnden</Unicode>
                </TextEquiv>
            </TextLine>
            <TextLine id="r4l7" custom="readingOrder {index:6;}">
                <Coords points="133,1058 2290,1136 2442,1100 2444,972 2245,1043 2077,962 134,995"/>
                <Baseline points="150,1043 263,1044 377,1046 491,1047 604,1049 718,1051 832,1053 945,1056 1059,1059 1173,1062 1287,1065 1400,1068 1514,1070 1628,1073 1741,1074 1855,1076 1969,1077 2082,1077 2196,1077 2310,1076 2424,1074"/>
                <TextEquiv>
                    <Unicode>en na desen nader zal geordsnneert werden &amp;:o</Unicode>
                </TextEquiv>
            </TextLine>
            <TextLine id="r4l8" custom="readingOrder {index:7;}">
                <Coords points="193,1333 642,1247 1315,1336 2439,1312 2464,1143 1740,1230 1440,1125 193,1191"/>
                <Baseline points="210,1260 321,1257 433,1255 545,1254 657,1254 768,1254 880,1256 992,1257 1104,1260 1215,1262 1327,1263 1439,1266 1551,1268 1662,1269 1774,1269 1886,1269 1998,1269 2109,1268 2221,1266 2333,1262 2445,1257"/>
                <TextEquiv>
                    <Unicode>gespreken wesende vanden jegenwoordigen toestandt der</Unicode>
                </TextEquiv>
            </TextLine>
            <TextLine id="r4l9" custom="readingOrder {index:8;}">
                <Coords points="216,1358 1949,1417 2281,1384 2282,1306 894,1313 743,1245 216,1315"/>
                <Baseline points="233,1358 334,1356 436,1356 537,1356 639,1356 740,1356 842,1358 943,1358 1045,1359 1146,1361 1248,1362 1350,1364 1451,1365 1553,1365 1654,1367 1756,1367 1857,1368 1959,1368 2060,1368 2162,1367 2264,1365"/>
                <TextEquiv>
                    <Unicode>saecken ter Custe Mallabaer, waer omtrent tot</Unicode>
                </TextEquiv>
            </TextLine>
            <TextLine id="r4l10" custom="readingOrder {index:9;}">
                <Coords points="2431,1456 2519,1453 2593,1407 2646,1435 2819,1414 2854,1442 2922,1417 2975,1452 3084,1413 3084,1269 3006,1286 2921,1265 2851,1297 2784,1269 2710,1315 2685,1297 2568,1350 2431,1319"/>
                <Baseline points="2448,1413 2478,1412 2509,1412 2540,1412 2571,1411 2602,1410 2633,1410 2664,1410 2695,1410 2726,1409 2757,1409 2787,1409 2818,1409 2849,1409 2880,1410 2911,1410 2942,1410 2973,1411 3004,1412 3035,1412 3066,1413"/>
                <TextEquiv>
                    <Unicode>Jm een Nootsakilijk Bre</Unicode>
                </TextEquiv>
            </TextLine>
            <TextLine id="r4l11" custom="readingOrder {index:10;}">
                <Coords points="162,1502 2440,1506 2396,1379 1318,1428 164,1343"/>
                <Baseline points="179,1455 291,1455 403,1455 515,1457 628,1457 740,1458 852,1460 964,1461 1077,1463 1189,1463 1301,1464 1413,1466 1526,1467 1638,1469 1750,1470 1862,1470 1975,1472 2087,1472 2199,1472 2311,1472 2424,1472"/>
                <TextEquiv>
                    <Unicode>herstellinge des vervallen handels, een nootsaecklijck</Unicode>
                </TextEquiv>
            </TextLine>
            <TextLine id="r4l12" custom="readingOrder {index:11;}">
                <Coords points="2434,1479 2603,1475 2677,1510 2720,1478 3023,1489 3048,1485 3048,1429 2984,1443 2935,1408 2896,1425 2751,1411 2645,1436 2593,1408 2525,1447 2434,1447"/>
                <Baseline points="2451,1473 2481,1473 2511,1473 2542,1472 2572,1472 2603,1472 2633,1472 2664,1472 2694,1472 2725,1472 2755,1472 2786,1472 2816,1472 2847,1472 2877,1472 2908,1472 2938,1472 2969,1472 2999,1473 3030,1473"/>
                <TextEquiv>
                    <Unicode>in de Mallabaerze saken</Unicode>
                </TextEquiv>
            </TextLine>
            <TextLine id="r4l13" custom="readingOrder {index:12;}">
                <Coords points="2440,1545 3016,1546 3016,1493 2953,1482 2441,1482"/>
                <Baseline points="2457,1520 2484,1524 2511,1528 2538,1529 2565,1531 2592,1533 2619,1535 2646,1535 2673,1536 2700,1536 2727,1536 2754,1536 2781,1536 2808,1536 2835,1535 2862,1535 2889,1535 2916,1533 2943,1533 2970,1533 2997,1533"/>
                <TextEquiv>
                    <Unicode>te doen, en de geschillen</Unicode>
                </TextEquiv>
            </TextLine>
            <TextLine id="r4l14" custom="readingOrder {index:13;}">
                <Coords points="181,1569 1728,1557 2296,1635 2296,1519 1986,1471 1880,1527 895,1464 181,1513"/>
                <Baseline points="197,1554 301,1556 405,1556 509,1557 613,1557 717,1559 821,1559 925,1560 1029,1561 1133,1562 1238,1563 1342,1563 1446,1565 1550,1565 1654,1566 1758,1566 1862,1566 1966,1566 2070,1566 2174,1566 2279,1566"/>
                <TextEquiv>
                    <Unicode>redres, naer onse jntentie komt te vereijsschen</Unicode>
                </TextEquiv>
            </TextLine>
            <TextLine id="r4l15" custom="readingOrder {index:14;}">
                <Coords points="2447,1605 2553,1601 2578,1626 2634,1601 2924,1618 3019,1603 3019,1543 2924,1558 2903,1537 2708,1551 2532,1537 2490,1559 2447,1545"/>
                <Baseline points="2465,1590 2491,1594 2518,1596 2545,1598 2572,1599 2598,1599 2625,1601 2652,1601 2679,1599 2705,1599 2732,1599 2759,1598 2786,1598 2812,1596 2839,1596 2866,1596 2893,1595 2919,1595 2946,1596 2973,1596 3000,1598"/>
                <TextEquiv>
                    <Unicode>Ausschius d Chobs, en</Unicode>
                </TextEquiv>
            </TextLine>
            <TextLine id="r4l16" custom="readingOrder {index:15;}">
                <Coords points="205,1688 2409,1664 2620,1739 3065,1690 3066,1613 205,1572"/>
                <Baseline points="224,1655 365,1656 506,1658 647,1659 788,1661 930,1662 1071,1662 1212,1664 1353,1665 1494,1665 1636,1665 1777,1665 1918,1665 2059,1665 2200,1665 2342,1665 2483,1664 2624,1664 2765,1662 2906,1661 3048,1659"/>
                <TextEquiv>
                    <Unicode>en dat oock de geschillen, tusschen den E Commans: Vosburgh te ondersoeken</Unicode>
                </TextEquiv>
            </TextLine>
            <TextLine id="r4l17" custom="readingOrder {index:16;}">
                <Coords points="195,1816 2381,1813 2346,1668 1650,1673 1555,1736 1378,1668 1247,1735 672,1662 365,1725 195,1657"/>
                <Baseline points="212,1754 319,1758 427,1760 534,1763 642,1766 750,1767 857,1769 965,1770 1072,1772 1180,1772 1288,1773 1395,1773 1503,1773 1610,1772 1718,1772 1826,1770 1933,1770 2041,1769 2148,1767 2256,1764 2364,1763"/>
                <TextEquiv>
                    <Unicode>Jacobbobs, en den oppercoopman geener Posbunge</Unicode>
                </TextEquiv>
            </TextLine>
            <TextLine id="r4l18" custom="readingOrder {index:17;}">
                <Coords points="177,1931 390,1860 2423,1918 2492,1795 179,1811"/>
                <Baseline points="197,1862 310,1863 424,1865 538,1866 652,1868 765,1869 879,1872 993,1874 1107,1877 1220,1878 1334,1881 1448,1883 1562,1885 1675,1887 1789,1889 1903,1889 2017,1890 2130,1890 2244,1890 2358,1890 2472,1889"/>
                <TextEquiv>
                    <Unicode>Int voorleden jaer 1617: voorgevallen, om de veele</Unicode>
                </TextEquiv>
            </TextLine>
            <TextLine id="r4l19" custom="readingOrder {index:18;}">
                <Coords points="229,1997 2429,1999 2362,1889 1525,1947 229,1898"/>
                <Baseline points="245,1989 353,1988 461,1986 569,1985 678,1983 786,1983 894,1984 1003,1985 1111,1985 1219,1986 1328,1988 1436,1989 1544,1989 1652,1991 1761,1992 1869,1994 1977,1994 2086,1995 2194,1995 2302,1995 2411,1995"/>
                <TextEquiv>
                    <Unicode>omstandigeeden, die na de overgeleverde shrifturen</Unicode>
                </TextEquiv>
            </TextLine>
            <TextLine id="r4l20" custom="readingOrder {index:19;}">
                <Coords points="229,2102 2414,2171 2445,2026 230,2024"/>
                <Baseline points="248,2085 356,2087 465,2088 574,2090 683,2093 792,2094 900,2097 1009,2099 1118,2102 1227,2103 1336,2106 1444,2109 1553,2111 1662,2112 1771,2114 1880,2115 1988,2117 2097,2117 2206,2118 2315,2117 2424,2117"/>
                <TextEquiv>
                    <Unicode>van gem:te vosburgh, des Comp:s jntrect en nadeel</Unicode>
                </TextEquiv>
            </TextLine>
            <TextLine id="r4l21" custom="readingOrder {index:20;}">
                <Coords points="218,2196 2014,2266 2421,2226 2422,2163 219,2115"/>
                <Baseline points="236,2187 344,2190 452,2193 561,2196 669,2199 777,2202 886,2205 994,2207 1102,2210 1211,2212 1319,2214 1427,2216 1536,2217 1644,2219 1752,2220 1861,2220 1969,2220 2077,2220 2186,2219 2294,2217 2403,2216"/>
                <TextEquiv>
                    <Unicode>zijn raeckende; wel eens een exact ondersoeck van</Unicode>
                </TextEquiv>
            </TextLine>
            <TextLine id="r4l22" custom="readingOrder {index:21;}">
                <Coords points="226,2297 1592,2354 2464,2340 2465,2272 226,2241"/>
                <Baseline points="242,2292 352,2294 462,2295 572,2298 682,2300 792,2301 902,2303 1013,2304 1123,2304 1233,2306 1343,2307 1453,2307 1563,2309 1673,2309 1784,2309 1894,2309 2004,2310 2114,2310 2224,2310 2334,2310 2445,2309"/>
                <TextEquiv>
                    <Unicode>ales komen te meriteren. gelijck mede den Command:</Unicode>
                </TextEquiv>
            </TextLine>
            <TextLine id="r4l23" custom="readingOrder {index:22;}">
                <Coords points="209,2425 2306,2471 2458,2416 2459,2334 210,2298"/>
                <Baseline points="227,2394 337,2396 448,2399 559,2400 669,2402 780,2403 891,2404 1001,2405 1112,2406 1223,2408 1334,2409 1444,2411 1555,2411 1666,2412 1776,2413 1887,2414 1998,2415 2108,2415 2219,2416 2330,2417 2441,2417"/>
                <TextEquiv>
                    <Unicode>Lobb: zijne demissie en verlossinge van daer bij de</Unicode>
                </TextEquiv>
            </TextLine>
            <TextLine id="r4l24" custom="readingOrder {index:23;}">
                <Coords points="2459,2475 2703,2474 2742,2505 2827,2482 2926,2509 2975,2469 3035,2482 3033,2369 2906,2385 2882,2407 2860,2390 2815,2405 2736,2350 2630,2362 2525,2414 2458,2390"/>
                <Baseline points="2478,2472 2506,2472 2534,2471 2563,2471 2591,2471 2619,2469 2648,2469 2676,2468 2704,2468 2733,2468 2761,2467 2790,2466 2818,2466 2846,2465 2875,2465 2903,2465 2931,2463 2960,2463 2988,2463 3017,2462"/>
                <TextEquiv>
                    <Unicode>en tot Verlosser van gem:</Unicode>
                </TextEquiv>
            </TextLine>
            <TextLine id="r4l25" custom="readingOrder {index:24;}">
                <Coords points="216,2521 2584,2596 2727,2471 217,2426"/>
                <Baseline points="233,2495 356,2496 480,2498 604,2499 728,2501 851,2502 975,2505 1099,2507 1223,2508 1346,2511 1470,2513 1594,2514 1718,2516 1841,2518 1965,2520 2089,2522 2213,2523 2336,2523 2460,2525 2584,2526 2708,2526"/>
                <TextEquiv>
                    <Unicode>ontfange advijsen, de dato 24::' april deses Iaers heest Clols</Unicode>
                </TextEquiv>
            </TextLine>
            <TextLine id="r4l26" custom="readingOrder {index:25;}">
                <Coords points="217,2639 2435,2647 2436,2587 2186,2533 1843,2601 1555,2514 1207,2575 1067,2502 798,2568 219,2519"/>
                <Baseline points="236,2592 345,2595 454,2598 563,2602 672,2605 781,2609 890,2610 999,2614 1108,2616 1217,2619 1327,2621 1436,2624 1545,2625 1654,2627 1763,2628 1872,2630 1981,2630 2090,2630 2199,2630 2308,2628 2418,2628"/>
                <TextEquiv>
                    <Unicode>versoght, en mits desen wert toegestaen, soo is na</Unicode>
                </TextEquiv>
            </TextLine>
            <TextLine id="r4l27" custom="readingOrder {index:26;}">
                <Coords points="221,2731 1033,2725 1107,2786 1906,2730 2378,2810 2459,2787 2462,2663 223,2628"/>
                <Baseline points="239,2703 349,2705 459,2706 569,2709 679,2711 789,2713 899,2715 1010,2718 1120,2721 1230,2723 1340,2726 1450,2728 1560,2730 1670,2732 1781,2735 1891,2736 2001,2738 2111,2738 2221,2739 2331,2739 2442,2739"/>
                <TextEquiv>
                    <Unicode>rijp overlegh ten meesten besten vande Comp:s dienstig</Unicode>
                </TextEquiv>
            </TextLine>
            <TextLine id="r4l28" custom="readingOrder {index:27;}">
                <Coords points="2407,2830 2563,2828 2609,2852 2690,2825 2958,2821 2998,2856 3029,2823 3068,2826 3066,2692 3034,2685 2908,2765 2805,2718 2734,2740 2600,2703 2575,2729 2490,2726 2407,2795"/>
                <Baseline points="2424,2826 2455,2826 2486,2825 2518,2825 2549,2824 2580,2823 2612,2822 2643,2822 2674,2821 2706,2820 2737,2820 2768,2819 2800,2819 2831,2817 2862,2817 2894,2817 2925,2817 2956,2817 2988,2817 3019,2817 3051,2817"/>
                <TextEquiv>
                    <Unicode>is geeligeert den E Marten</Unicode>
                </TextEquiv>
            </TextLine>
            <TextLine id="r4l29" custom="readingOrder {index:28;}">
                <Coords points="237,2875 838,2817 2314,2873 2315,2809 2005,2740 239,2769"/>
                <Baseline points="257,2823 359,2820 461,2819 563,2819 665,2819 767,2819 869,2819 971,2820 1073,2822 1175,2823 1277,2826 1379,2828 1481,2831 1583,2833 1685,2835 1787,2838 1889,2840 1991,2843 2093,2844 2195,2846 2297,2849"/>
                <TextEquiv>
                    <Unicode>geaght, den oppercoopman Marten Huijsman</Unicode>
                </TextEquiv>
            </TextLine>
            <TextLine id="r4l30" custom="readingOrder {index:29;}">
                <Coords points="2416,2868 2523,2909 2710,2884 2774,2901 2809,2879 2943,2915 2978,2886 3095,2877 3094,2824 3030,2822 3006,2847 2966,2816 2910,2838 2712,2828 2639,2854 2560,2830 2416,2836"/>
                <Baseline points="2433,2889 2465,2889 2497,2888 2529,2887 2562,2886 2594,2886 2626,2885 2658,2883 2691,2883 2723,2882 2755,2880 2787,2880 2820,2879 2852,2879 2884,2879 2916,2879 2949,2879 2981,2879 3013,2879 3045,2880 3078,2880"/>
                <TextEquiv>
                    <Unicode>Huijsman tot Commissaars</Unicode>
                </TextEquiv>
            </TextLine>
            <TextLine id="r4l31" custom="readingOrder {index:30;}">
                <Coords points="238,2957 1212,2920 2271,3004 2374,2973 2375,2874 238,2876"/>
                <Baseline points="254,2933 359,2931 464,2931 569,2930 674,2928 779,2928 884,2927 990,2927 1095,2927 1200,2927 1305,2927 1410,2927 1515,2928 1620,2928 1726,2930 1831,2933 1936,2934 2041,2937 2146,2940 2251,2944 2357,2949"/>
                <TextEquiv>
                    <Unicode>present. Commandant ter Custe van cadure op</Unicode>
                </TextEquiv>
            </TextLine>
            <TextLine id="r4l32" custom="readingOrder {index:31;}">
                <Coords points="2449,2952 2590,2976 2618,2955 2679,2972 2774,2947 2844,2972 2880,2951 3067,2982 3067,2894 3035,2887 2957,2908 2795,2880 2770,2898 2449,2899"/>
                <Baseline points="2466,2942 2495,2943 2524,2944 2553,2945 2582,2945 2611,2946 2640,2946 2669,2946 2698,2946 2727,2946 2757,2946 2786,2945 2815,2945 2844,2945 2873,2944 2902,2943 2931,2943 2960,2943 2989,2943 3018,2943 3048,2943"/>
                <TextEquiv>
                    <Unicode>En Wijders oock tot Commannd</Unicode>
                </TextEquiv>
            </TextLine>
            <TextLine id="r4l33" custom="readingOrder {index:32;}">
                <Coords points="2407,3011 2499,3026 2524,3005 2559,3029 2584,3019 2714,3037 2746,3009 2813,3023 2813,2953 2676,2949 2587,2973 2570,2955 2407,2944"/>
                <Baseline points="2426,3000 2452,3001 2478,3002 2505,3003 2531,3003 2558,3003 2584,3003 2611,3003 2637,3002 2663,3002 2690,3002 2716,3002 2743,3003 2769,3003 2796,3005"/>
                <TextEquiv>
                    <Unicode>Van Mallabaer</Unicode>
                </TextEquiv>
            </TextLine>
            <TextLine id="r4l34" custom="readingOrder {index:33;}">
                <Coords points="115,3021 124,3040 148,3048 157,3067 205,3043 197,3027 200,3018 198,3006 202,2997 194,2981"/>
                <Baseline points="159,3017 171,3041"/>
                <TextEquiv>
                    <Unicode>„</Unicode>
                </TextEquiv>
            </TextLine>
            <TextLine id="r4l35" custom="readingOrder {index:34;}">
                <Coords points="204,3042 524,3107 1019,3026 1948,3049 2089,3128 2174,3058 2467,3066 2467,3010 1694,2934 204,2957"/>
                <Baseline points="221,3035 332,3037 443,3038 555,3039 666,3039 778,3039 889,3038 1001,3038 1112,3036 1224,3036 1335,3035 1446,3035 1558,3035 1669,3035 1781,3036 1892,3039 2004,3042 2115,3045 2227,3050 2338,3057 2450,3065"/>
                <TextEquiv>
                    <Unicode>Tutucorijn) en van wiens Lange ervarentzeijt trouwe</Unicode>
                </TextEquiv>
            </TextLine>
            <TextLine id="r4l36" custom="readingOrder {index:35;}">
                <Coords points="226,3151 501,3217 1066,3150 1483,3142 1588,3221 1667,3144 1818,3219 2327,3173 2260,3059 2073,3115 1674,3041 226,3056"/>
                <Baseline points="242,3132 345,3137 448,3141 552,3143 655,3145 758,3146 862,3146 965,3146 1068,3144 1172,3144 1275,3143 1378,3141 1482,3141 1585,3141 1688,3141 1792,3143 1895,3146 1998,3149 2102,3153 2205,3160 2309,3168"/>
                <TextEquiv>
                    <Unicode>en bequaemheijt seer goede getuijghnissen werden</Unicode>
                </TextEquiv>
            </TextLine>
            <TextLine id="r4l37" custom="readingOrder {index:36;}">
                <Coords points="172,3264 2061,3304 2474,3279 2475,3184 173,3158"/>
                <Baseline points="189,3239 302,3244 415,3249 529,3252 642,3255 755,3257 869,3258 982,3258 1095,3258 1209,3257 1322,3257 1435,3255 1549,3255 1662,3255 1775,3255 1889,3255 2002,3258 2115,3260 2229,3266 2342,3270 2456,3278"/>
                <TextEquiv>
                    <Unicode>gegeven) te nommeren, en aftezenden, als onsen</Unicode>
                </TextEquiv>
            </TextLine>
            <TextLine id="r4l38" custom="readingOrder {index:37;}">
                <Coords points="237,3400 2313,3424 2395,3347 1524,3252 1421,3322 1121,3262 238,3305"/>
                <Baseline points="254,3353 360,3357 466,3360 572,3362 678,3365 785,3366 891,3368 997,3368 1103,3369 1209,3371 1316,3371 1422,3371 1528,3372 1634,3372 1740,3374 1847,3374 1953,3376 2059,3377 2165,3380 2271,3383 2378,3386"/>
                <TextEquiv>
                    <Unicode>Expressen Commissaris naer voorsz. Custe van</Unicode>
                </TextEquiv>
            </TextLine>
            <TextLine id="r4l39" custom="readingOrder {index:38;}">
                <Coords points="234,3488 2310,3547 2378,3435 2202,3377 235,3400"/>
                <Baseline points="252,3458 357,3462 462,3465 568,3468 673,3471 779,3473 884,3474 990,3476 1095,3477 1201,3479 1306,3479 1411,3480 1517,3480 1622,3480 1728,3480 1833,3480 1939,3482 2044,3482 2150,3482 2255,3483 2361,3485"/>
                <TextEquiv>
                    <Unicode>11 Callabaer omme de geschillen, en gepasseerde</Unicode>
                </TextEquiv>
            </TextLine>
            <TextLine id="r4l40" custom="readingOrder {index:39;}">
                <Coords points="2407,3564 2424,3563 2428,3567 2448,3551 2463,3558 2473,3547 2480,3550 2484,3546 2487,3550 2491,3546 2508,3545 2505,3489 2488,3489 2484,3493 2473,3483 2467,3490 2453,3495 2446,3491 2425,3500 2421,3496 2403,3497"/>
                <Baseline points="2423,3542 2456,3540 2489,3539"/>
                <TextEquiv>
                    <Unicode>te</Unicode>
                </TextEquiv>
            </TextLine>
            <TextLine id="r4l41" custom="readingOrder {index:40;}">
                <Coords points="80,3623 2481,3652 2481,3556 2358,3513 80,3475"/>
                <Baseline points="98,3585 216,3585 334,3585 452,3586 570,3587 689,3587 807,3587 925,3587 1043,3588 1161,3588 1280,3588 1398,3590 1516,3590 1634,3590 1752,3591 1871,3591 1989,3593 2107,3593 2225,3594 2343,3594 2462,3596"/>
                <TextEquiv>
                    <Unicode>mistien, tusschen de Hr. Commandeur Loos, en gem:</Unicode>
                </TextEquiv>
            </TextLine>
            <TextLine id="r4l42" custom="readingOrder {index:41;}">
                <Coords points="219,3744 795,3690 1158,3759 1484,3701 2267,3747 2419,3737 2420,3659 220,3621"/>
                <Baseline points="236,3693 344,3693 452,3693 560,3693 668,3693 777,3693 885,3693 993,3695 1101,3695 1209,3695 1318,3696 1426,3696 1534,3698 1642,3698 1750,3699 1859,3699 1967,3699 2075,3701 2183,3701 2291,3701 2400,3701"/>
                <TextEquiv>
                    <Unicode>Oppercoopman Posburgh (den welcken tot dien fone</Unicode>
                </TextEquiv>
            </TextLine>
            <TextLine id="r4l43" custom="readingOrder {index:42;}">
                <Coords points="233,3819 2383,3843 2384,3713 2317,3709 234,3734"/>
                <Baseline points="251,3803 356,3803 462,3803 568,3803 674,3803 780,3803 885,3803 991,3803 1097,3803 1203,3803 1309,3803 1414,3803 1520,3803 1626,3804 1732,3806 1838,3807 1943,3809 2049,3812 2155,3815 2261,3818 2367,3822"/>
                <TextEquiv>
                    <Unicode>en tot verantwoordinge; van zijn voorgeven en</Unicode>
                </TextEquiv>
            </TextLine>
            <TextLine id="r4l44" custom="readingOrder {index:43;}">
                <Coords points="216,3926 466,3986 901,3907 2278,3966 2380,3960 2381,3883 1863,3809 1707,3878 1612,3806 1145,3871 1043,3813 217,3838"/>
                <Baseline points="233,3914 339,3912 446,3911 552,3911 659,3909 765,3909 872,3909 978,3909 1085,3909 1191,3911 1298,3911 1405,3912 1511,3914 1618,3916 1724,3918 1831,3921 1937,3924 2044,3929 2150,3933 2257,3938 2364,3942"/>
                <TextEquiv>
                    <Unicode>over geleverde debatten, nu mede wederom zal</Unicode>
                </TextEquiv>
            </TextLine>
            <TextLine id="r4l45" custom="readingOrder {index:44;}">
                <Coords points="112,4035 2349,4122 2542,4022 2133,3939 1027,3975 905,3906 395,3976 114,3908"/>
                <Baseline points="131,4023 250,4025 370,4025 489,4025 609,4025 728,4025 848,4025 967,4025 1087,4025 1206,4026 1326,4026 1446,4028 1565,4029 1685,4031 1804,4034 1924,4038 2043,4043 2163,4048 2282,4055 2402,4063 2522,4071"/>
                <TextEquiv>
                    <Unicode>derwaerts gaen) eens pertinentelijck te Examneren</Unicode>
                </TextEquiv>
            </TextLine>
            <TextLine id="r4l46" custom="readingOrder {index:45;}">
                <Coords points="283,4149 1158,4197 1826,4141 2108,4233 2341,4214 2395,4119 284,4036"/>
                <Baseline points="302,4139 405,4137 509,4136 613,4134 717,4134 821,4133 924,4132 1028,4131 1132,4131 1236,4131 1340,4133 1443,4133 1547,4134 1651,4137 1755,4139 1859,4142 1962,4146 2066,4149 2170,4154 2274,4160 2378,4166"/>
                <TextEquiv>
                    <Unicode>En ons van zijne bevindinge omstandigh en</Unicode>
                </TextEquiv>
            </TextLine>
            <TextLine id="r4l47" custom="readingOrder {index:46;}">
                <Coords points="1984,4315 2037,4329 2139,4287 2206,4334 2259,4316 2315,4359 2422,4306 2467,4346 2556,4304 2557,4141 2426,4218 2383,4179 2291,4235 2217,4207 2171,4235 2094,4234 2027,4191 1984,4202"/>
                <Baseline points="2001,4281 2029,4281 2057,4281 2086,4283 2114,4283 2142,4284 2171,4286 2199,4286 2227,4287 2256,4287 2284,4289 2313,4289 2341,4289 2369,4289 2398,4287 2426,4287 2454,4286 2483,4284 2511,4281 2540,4278"/>
                <TextEquiv>
                    <Unicode>daeragstigh</Unicode>
                </TextEquiv>
            </TextLine>
            <TextLine id="r4l48" custom="readingOrder {index:47;}">
                <Coords points="1981,4480 2002,4481 2012,4489 2041,4473 2063,4452 2092,4450 2097,4323 2080,4322 2069,4329 2052,4310 2038,4313 2031,4306 2013,4316 1988,4315"/>
                <Baseline points="2001,4451 2037,4453 2073,4454"/>
                <TextEquiv>
                    <Unicode>5</Unicode>
                </TextEquiv>
            </TextLine>
            <TextEquiv>
                <Unicode>215
215
en verder verwagjst patrias onthet, nogh t a 2 tonnen
zal konnen laten volgen, omme daer mede zoo veel
Jntrest penningen, van een ten hondert afteleggen
als buyten overhanderinge des handels kan geschnden
en na desen nader zal geordsnneert werden &amp;:o
gespreken wesende vanden jegenwoordigen toestandt der
saecken ter Custe Mallabaer, waer omtrent tot
Jm een Nootsakilijk Bre
herstellinge des vervallen handels, een nootsaecklijck
in de Mallabaerze saken
te doen, en de geschillen
redres, naer onse jntentie komt te vereijsschen
Ausschius d Chobs, en
en dat oock de geschillen, tusschen den E Commans: Vosburgh te ondersoeken
Jacobbobs, en den oppercoopman geener Posbunge
Int voorleden jaer 1617: voorgevallen, om de veele
omstandigeeden, die na de overgeleverde shrifturen
van gem:te vosburgh, des Comp:s jntrect en nadeel
zijn raeckende; wel eens een exact ondersoeck van
ales komen te meriteren. gelijck mede den Command:
Lobb: zijne demissie en verlossinge van daer bij de
en tot Verlosser van gem:
ontfange advijsen, de dato 24::' april deses Iaers heest Clols
versoght, en mits desen wert toegestaen, soo is na
rijp overlegh ten meesten besten vande Comp:s dienstig
is geeligeert den E Marten
geaght, den oppercoopman Marten Huijsman
Huijsman tot Commissaars
present. Commandant ter Custe van cadure op
En Wijders oock tot Commannd
Van Mallabaer
„
Tutucorijn) en van wiens Lange ervarentzeijt trouwe
en bequaemheijt seer goede getuijghnissen werden
gegeven) te nommeren, en aftezenden, als onsen
Expressen Commissaris naer voorsz. Custe van
11 Callabaer omme de geschillen, en gepasseerde
te
mistien, tusschen de Hr. Commandeur Loos, en gem:
Oppercoopman Posburgh (den welcken tot dien fone
en tot verantwoordinge; van zijn voorgeven en
over geleverde debatten, nu mede wederom zal
derwaerts gaen) eens pertinentelijck te Examneren
En ons van zijne bevindinge omstandigh en
daeragstigh
5</Unicode>
            </TextEquiv>
        </TextRegion>
    </Page>
</PcGts>
