3066 4464
0 3395 63 3511 5
243 4308 375 4478 C
949 103 1810 496 November
37 468 2542 630 8: d:o de soop d’orangieboom, en Iaghjes kal en hater met 50. nodejlandse soldaten
513 599 1757 761 sullen oock nogh derwaerts afpaae - - -.
296 687 1647 840 tot opreijminge der stranden - - - - - - - -
2585 721 2707 852 „ o
27 751 2602 948 — en om den optogt na sammadangh soo ’t geboegelijck van dermaijo geschieden kan te
536 914 2657 1006 laaten voortgaen, daermen adlis op sal Verwaghten - - - - - - - - - - - „
238 986 2918 1130 de ffinieren Van pamanoekan, Riassen, en derumijo beset te houden . . . . . . „ —
264 1116 2544 1252 en 't Commando over deschepen, en vaertuijgen bij abzentie van d’ ECouper
573 1187 1767 1337 schipper veit koster aen te bedelen.
292 1258 2559 1430 ordre om alle bantamze vaertuijgen daer vernomen werdende als riedelze
2210 1351 2726 1512 - . .  . . „ —
575 1384 1879 1514 Stenijck tovers aen te tascen . . . . . . . .
318 1505 2684 1632 dogh als nogh niet op de naam van bantamze Coninp onderdanen - - . . - . - „ -
299 1565 2719 1729 Doulus aen tuschen die van Cheriboij en debantammers salmen wel mogen Voeden . „ —
308 1668 2495 1860 ende Cherbonders tot haaren Heer desousousounang en becompag:s traghte
107 1735 202 1842 —
2631 1768 2895 1910 428:
611 1804 1412 1966 getiegen te maeken - - - -
310 1867 2538 2087 onse residenten op Cegal te ffecommanderen tegen bebantamze besseinen
586 2016 1444 2147 Wel op hoeden te wesen..
335 2071 1876 2289 /onder deselve als nogh tot nader ordre te offencenen.
324 2218 2459 2408 maer de tegalze ttegenten tot beter Eertueringe van haerpligt, en trouwe
1448 2359 1670 2482 „„
594 2351 1135 2482 te vermanen
332 2394 2582 2603 onaengesien de tesolutie tot Affhael van Hadia, Palaccasbougijs van Japara
621 2550 1144 2667 na Berwaerts
335 2623 2694 2769 sal d P: adim:s Bundt Egter des nodigh, beselte daer nogh mogen aenhouden . . „
348 2764 2496 2942 enn ten meesten dienste vande Comp: emploijeren, en neens andie onser
628 2872 1272 3010 Jnlanders tracteeren
322 2963 2519 3123 sonder hun eenige gagie toe tevoegen, dan alleen de hooffden na dischetie
334 3107 2468 3279 de brieffbrengers van Crain bissee aen sijn oom glisson met Comp:s
596 3221 2883 3377 Vaertuijgh over sourabaija naer Cacappar te bestellen - - - - - - „ 4= 9
181 3316 2540 3482 _ br: bij amplectatie van ons Voorstel hem gillisson toe tef: saen, om in persoon
635 3437 2277 3599 off net zijn Volck te mogen Herpaerts komen ..
348 3543 1534 3723 ten zij en tedenen ter Contrarij Waaren.
348 3682 2489 3817 zij mogen oock wel alsse 't versoeken goede partij sijs met Comp:s scheepen
509 3775 1664 3913 „ Voor Erain Eisfec overs Cieren.
362 3883 1937 4008 ordre tot Jnkoop van goede partij sout na Japara te gesten
359 4009 2444 4160 E: iet de verkier van cheeden op de Javaanze Cust: de hant teligten sonder
595 4092 1439 4258 d’seere Justalligh te maeken
428 4174 2086 4394 snvendibel goutdiadt van Japara te tigge Herwarts te senden
