3090 4611
21 85 222 235 100.
54 253 220 412 100
730 190 2707 585 Vijdagh 9: Maij A„o. 1638.
730 865 2707 1070 Ten Capitain van ’t portugese scheepje Hosse
619 1026 2561 1164 Sinpra de Rosairo. op 7: februarij verleden uijt
626 1127 2855 1247 Maccao, hier verschenen, onder andere Coopmansz.
627 1221 2897 1360 oock een quantiteijt van 1287: picoes: spiculten ten vente
635 1323 2843 1486 aengebragst hebbende 't welck jegenwoordigh alhier
633 1450 2817 1635 op een seer lage marckt wert bevonden, en waer van
604 1545 2838 1710 ordinarij grx: p:r picol aen 'thoe wert betaelt heeft
639 1657 2696 1856 als nu doen versoecken, eenige afslagh der thollen
643 1773 2704 1948 vronden tovoer van't gemelte spiaulter te mogen
660 1872 2912 2064 genieten, waer op na deliberatie verstaen zij, dewijle
71 1836 642 2031 Van da er 170
58 1990 653 2103 Cap:s ½ pp: afslagt van
660 2006 2771 2147 het selve jnderdaet op een lage prijs is, hem¾ rx:n
34 2064 632 2168 thol op 't picol iauler
53 2130 642 2272 gegeven om de lagdpijs
650 2129 2699 2244 afslagh van 'tsoe op 't Picol voor dese mael toe te
651 2217 2775 2336 staen, en te accorderen, sonder dat het eenige
660 2313 2722 2507 conlequentie zal geven voor den toekomende tyt.
550 2449 2840 2666 den Coopman Daniel goes, anno 1676. van Ceijlon op„
645 2629 2897 2776 gekomen. met stilstandt van gagie, ende dewelcke hem
618 2722 2858 2858 den 20:e augustij verleden Iaers, wederom is goetgedaen
659 2841 2903 3000 van die tijt aff, dat hij met d' E Heer directeur generael
653 2923 2876 3100 CCornelis speelman. jnde Expeditie naer de oostcust
655 3038 2723 3188 van Iava, was vertrocken, onder conditie dat de
646 3157 2811 3321 geheele vergoedinge toenmaels bleeff uijtgestelt
647 3260 2851 3398 tot ons van Ceijlon sijnent wegen na der beright
652 3381 2798 3498 soude werden gedaen. heeft als nu weder om bij—
646 3468 2795 3667 requeste eerbiedigh versoght dat hem zijn vorige
2855 3522 3010 3660 het
662 3580 2990 3775 geseijde afgeschreve gagie mogste werden gerembours:
658 3693 2933 3856 monterende jn't geheel ƒ 354:13: 5: ende na diener
672 3851 2841 3945 van Ceijlon niet anders /tot zijnen laste wert gesz:
660 3940 2835 4076 dan dat zijn gagie is afgeschreven, op d’ ordre der
668 4027 2978 4195 waerts gegeven, dat alle die versoecken na Batavia
2606 4196 2718 4293 op
