3129 4669
2740 170 2977 382 385
2578 469 3102 661 Se Equale Pontier
373 468 2448 689 aas  Dndel na nar llato oo50 00: 1
2598 628 3038 783 voor debamern
348 665 2584 837 Tamren verdelle, almede tet Eide behente nde
490 811 2483 992 en, i bove en berwaaringendaanen vandede
325 964 2564 1127 dn senen goedhoop zijde in bengale degen dactstelede
331 1101 2375 1273 Cnider toeten datande Bandel wel wederont ee
313 1244 1993 1462 geneuden sal Comaen vaesen gediert d
396 1407 2361 1695 e e ese eden det one eg dte wej
305 1566 2254 1843 Doope, alsaen den Hoer gouverven: aan baar
324 1733 2405 1972 : Junij deses daars is overleden, met Baaren de
3002 1780 3114 1985 2n
302 1873 2492 2096 van bs en verdere weleckheenn te derkeen, Eb:
2552 1854 3124 2064 't schip den Hauwersi
2561 2038 3097 2146 n't Rijs en behoiften
2571 2100 3058 2215 Voor laap de goede
322 2032 2484 2231 mandoden ene van andere diendlg dedens ziglen
2589 2178 3015 2335 Hoop alnijeleijt
447 2167 2470 2356 hij den blannenhulk 10:s deser van Potande
397 2335 2485 2559 meenele e den kesladnge Ed: aengehand
304 2486 2647 2683 em n Comp: van deerste telenseloet de ess dondants
425 2658 2427 2852 ot de keeen, n dan wjder dijert tot ous te seene
263 2815 2451 3106 Tepna Pet D  te
2600 3023 3145 3179 de Chalous motimus
301 3075 3115 3273 eenige gettete dtn geweetcaten onoodlijkhen  enig hoohs
2585 3200 3083 3331 : heden Nogh naer
296 3235 3117 3442 naer Cipalent ege uet is goetgevonden metde noe sn prinaaes es ef
2526 3343 2883 3506 Dtesenden
402 3318 2426 3564 der te tugge derwaerts te senden deoChalous d
268 3514 2452 3732 Peptunus nadien mett dogh als nogt niet gesectens
2574 3495 3112 3696 dn datmen hun dogh
2571 3644 3044 3768 dit Jaer net de
2550 3718 3143 3850 Geeijschte Militairen
285 3633 2438 3866 anhaer meet en j sete Mece van milrien
2536 3789 3121 3954 ietkan seconderen
550 3851 2625 4028 de opgesenane webeeen aldaande konnenbeinderen
2324 3975 2517 4184 oste
