3094 4555
13 15 198 159 106.
50 161 228 331 106
13 1327 591 1500 Senten i des dooks
36 1477 591 1586 geapprobeert Iegens
54 1540 592 1626 natta Mangala, en
64 1599 613 1697 Wangsa nanga beijde
32 1653 579 1760 gevangenen van
-5 1719 607 1859 Ccradang opgesonden
581 225 2846 604 Donder dagh 12:e Maij 1678„.
874 573 2623 783 Voormidlagh, atraordinarij vengaaeringh.
769 962 2863 1173 ijn jn raade voortgebraght en gelesen de stucken
609 1111 2860 1267 van het Crimmele proces door den advocaet fiscael
626 1230 2882 1352 van India, mr: Gualter Zeeman, voor den agstbaeren.
624 1345 2842 1478 raadt van Iustitie deses Casteels gejntenteert Tegens
623 1429 2853 1613 tlatta Mlangula van Damack en wangsa tanga„ e:
638 1547 2900 1739 Cradan, beijde Iavanen, ende althans heeven gevangenen
637 1669 2837 1803 over rebellie, en schandige mooijt jn onse na bij gelegen
625 1792 2713 1958 landen op de rivier van Cravan begaen als hebbende
618 1889 2718 2059 Matta Mangala sigh onder den valschen naem van
603 1983 2836 2106 Croenajaja, voor Coninck aldaer traghten op te werpen
625 2100 2733 2277 ende den aldaer gewesen regent des sousousounangs
621 2209 2697 2374 genaemt singa perbangsa, niet tot zyn depotie en
626 2304 2920 2460 afval konnende bewegen. door gemelte zijn mede macker
636 2425 2753 2561 wangsa tanga op den wegslaten vermoorden met
2737 2467 2817 2543 —
636 2523 2893 2703 eenige vande zijne, en doen wijders met paathije wege
640 2621 2814 2757 gelope slaven, en schelmen, de Landen en volcken
607 2741 2831 2866 daer alomme, geuineert tot datse eijndelijck door de
1178 2848 1234 2891 3.
1129 2837 1174 2896 E
612 2834 2890 2983 jnwoonders zijn gevadt, en aen onse daer gewesene
630 2923 2933 3069 Crijgsmaght overgelevert. wes wegen deselve dan
624 3058 2945 3173 bij voornoemde raadt van Justitie zijn gecondemneert
623 3149 3012 3324 den eersten 1atta Mangala, omme op een kruijs gebonden
632 3232 2911 3404 op ses plactsen sijne Lichaems, met gloeijende tangen
639 3351 2880 3512 genepen, en daer na van onderen op gerabraeckt
636 3462 2839 3612 mitsgaders den anderen wangea Vanga met een
634 3567 2649 3700 hoorde aen een golge gestraft te werden beijde
625 3669 2931 3834 dat 'er de doot na volght welcke stucken en bewijsen
632 3782 2900 3953 geexamneert, en met aendagst daer op gedelibereert
654 3877 2901 4014 wesende is verstaen de voorseijde senteutie als wel
656 3987 2647 4174 en ten reghten gevelt bij desen te approberen.
2530 4137 2770 4296 naer
2860 524 2952 645 0 do
2892 678 3011 798 o
2893 1379 2973 1495 s
