3129 4598
2836 13 3051 170 303.
2792 239 3032 454 303
230 531 2511 740 voore andagh een Bulse vanenCbinopena
225 736 2309 922 Capitan wanjak zij varkoghtaenen siees
211 880 2421 1053 esonqua voor de somma van vijfhdondert en daged
210 1019 2406 1190 wijelders mielken dan gedus pansitie alhier wert
214 1148 814 1335 aangeteeckend
261 1280 2446 1572 ngevolge van ons voorneuten, en htet afgesonden brigfee
171 1458 2410 1633 aanden onden hillhan van bandam, bij Resolutie van
233 1504 3052 1728 1s deser ginereert sis als in't verstaen den Coopman den Coopman Iaob Jan
2437 1697 3029 1790 dijck andermael naer
198 1729 3049 1934 Jacob van dick op overmorgen met het boove de sebfehoor, bantanm te Committeen
207 1842 2295 2053 dandermael naer voors:bantant te laaten afgaen
221 2036 2386 2201 omme dien Coninck, en toegeringe naderkeniiige
212 2151 2324 2351 van onse opreghde meninge, soo ind ffequard van
242 2279 2384 2507 Cribon, als bantam te doen; en haer net onen
2429 2265 3093 2471 om hun dat kinnen besten
2457 2439 3091 2592 buste des lants to waden
226 2405 2469 2619 aante saaden dot het geene voor de fustvreede, en welstand
210 2501 2459 2754 deses Eijlands soo hoogh nodigh is; dogh dat wij niet gaerin
2453 2592 3079 2782 dogt: dat  ij niet geerne
216 2662 2329 2875 souden sien, nogh oock lichtelijck konnen gedogen, den
2456 2743 3104 2902 Cheeibon o der bantam sou„
2451 2810 2737 2934 „den gedog
224 2838 2420 2993 Coeribonder (gelijck het present schijnt) sigh t oenemael
219 2997 2435 3146 suballen onderbantam qualne te stillen, en te meer
211 3091 2194 3282 nogh nadien den Jogenwoordigen sousouhonnangh
222 3260 2360 3478 aman courat Sinkepattij Iligalaga bij verhoorte
228 3390 2402 3623 vredige successie in des vaders lijck van sijne pretentie
220 3549 2405 3785 op voorsz Chribon, niet licht te diverteren sal wesen;
212 3703 2418 3916 en welcken Sousouhounangh, als den wedtigen ondeten
200 3828 2484 4116 soon en buccesser van sijn vader wij gehouden sijn geweest
2130 4109 2451 4239 volgens
2043 4377 2150 4532 a
