3008 4522
1051 118 1539 445 Noober
1 409 2588 587 23: d:o en dae tijn /ter aldaer aengebrach werdene tot 2o9. en 't Coper
2609 476 2861 669 o: 406
566 518 2163 665 tot 8 â 20. p. voor de Comp:s alleen te doen Inkoopen:
289 608 2580 772 de poper die door 's Com ip van Palembangs volck op malacca wert gebracht
2581 722 2864 862 „ 407.
549 733 1957 898 tegen 5. kp:s harffgell, en ½ — leeden te betalen .
249 836 2546 985 o bij baodigtheijt van tijs op malacca, sal de shuijt parwoude uijt arrakan
491 933 2193 1090 „ . zijn ladinge mogen werde perwaerts ontboden
303 1045 2561 1165 1 7 d p van malacca, sijn teijsen Ceijlon te laten nemen veer
603 1157 1413 1282 Cormandele . . . - .
324 1172 2666 1377 om de fesco van’t Capitail daerover nedens 'tn ijs te bpijck te verdeelen . „
316 1382 2644 1494 :dens ijl bij tijdige verschjning van Ceijlon Loorts een Voijagie naer
2584 1489 2678 1558 „
585 1453 1042 1600 moetadoen.
338 1559 2675 1691 met een natigh gesorteert Cargasoen ten deele daer toe van hier mede te senden „
321 1639 2406 1826 omdatmm de Contanten daer voor te verwagten, alloe soo nodigh heeft
2586 1682 2862 1831 „408
307 1755 2894 1935 om de bedeijgde Invasien derbantamze Hooftdogels tot ndennaijo, en daerom her . „ 469:
-11 1765 271 1967 24: d:
320 1901 2470 2057 Is goetgevonden ’t Jaghje Copna, met nogh 20: soldat, derwaerts te senden
2580 1912 2635 2075 „
324 1998 2108 2133 en ’t Jaghe de Anna nogh mede in korte dagen te laten volgen.
311 2117 2565 2255 de Waerschouwinge, en Conduite van d’ ECouper, omtrant die van Eoeibon
587 2216 1105 2362 Welgeda
326 2289 2609 2453 800. Picols peper, mettet Iaght de Lijll van die na Ceijlon aftesteeken
624 2413 2172 2566 totten handel op maduse, en Cansjonts - - - - - -
2606 2452 2678 2582 „
317 2523 2575 2678 om den cleede Jnsaemm voorheijlen &:a aldaer te beterte konnen behertigen .
324 2658 2557 2789 't versoek der moorze tegenten tot Portonobo, om met passen op Zeijlen
603 2750 2096 2916 te mogen handelen, ’t eenemael afffeslagen . . .
328 2844 2203 3033 om dat hun vaert: en negotie oper alschadelijck geoordeelt weijt
2547 2900 2884 3040 „ 410.
323 2974 2581 3134 den Houv:r op Ceijlon in bedencken te gesen, off het stabileren van een
616 3102 1937 3208 comptoir op Portonovo al sal nodig zijn;
2596 3063 2681 3201 „
201 3165 2606 3364 — en den arrep handel &:a aldaer niet alsoobequaem van Naga, en tegl: epat
632 3282 1536 3436 kan Waergenomen Worden
348 3382 2568 3543 't Contract net Egbid fagie tot nagapatnam moetmen na de litters
634 3512 2521 3668 tragten te mainctinenn en Egter sijn kundschap conserveren
2600 3530 2693 3609 „
286 3607 2587 3762 „Liietschijdinge der Ceijlouze, en Cormandelze Housternementen, met
2594 3719 2716 3847 „
671 3713 1444 3876 de fivier Zolderon
369 3781 2653 3993 de Coopmansz op nagapatnam, en uricorijn niet beneden de zutze
673 3908 1562 4076 prissen afftes. Daen .
650 4005 752 4094 1
374 4013 2584 4205 den Coopman Jacob Huijgens Van Chrijlon, als Hooft der ngotienaer
687 4137 1414 4287 Muocha te gebruijcken
2608 4104 2933 4303 „ 4111
