3088 4669
2770 15 3019 219 279.
2704 163 3009 375 279
180 644 280 790 —
464 423 2626 793 heijlagh 10: Augustj A:o 1675
316 801 2399 1080 Hoop den botelier Willeq Jonsr. van den brock
2360 857 3012 1067 Van Piierde Willen
2369 1036 2980 1117 Vandenbrouc me sin
143 933 2243 1210 versoeck doet, omme met sijn vrouw, en kinderen
2396 1101 2972 1174 „amiiliona cheijlen
2386 1162 2744 1299 Gelicentieert
119 1083 2359 1350 van Biernaer Coijson te mogen vertrecken, en aldaer
180 1259 2445 1433 Eeders geEuploijcert de werden, als alwaer bij vermient
139 1389 2389 1569 sigebeter van alleer te sullen Connen Chucven, de hen
137 1532 1594 1762 6: lo op goede visighten geaccordeert
184 1689 3028 1920 delijck mide gp Licilia matuces, weduwe van de fioil: naniels Reguien
2411 1884 3019 2044 sges boodels toegistaen
135 1910 2004 2066 morijcker Jacob Jansz, bij davisije vertoege
113 2001 2246 2212 Kondmin bajes achperstalligen boedelete mogen d
115 2122 2241 2348 met verder tenvoij aen dengeregtte desersende, die
152 2304 1441 2502 de salpk nader sullen ondersoecken
16 2415 2356 2667 dewijle den luijtenant Jochem michielsz nu allange
58 2602 2422 2750 tot sammadangh moet wesen verschenen, hoewel wij daer
154 2739 2340 2895 dan het nogh geen advis ot hebben becomen) soo is, om
200 2864 2347 3052 donen wae de presente gelegenoest destijts goetgevonden
2366 2936 2917 3168 Den hiet Locken
164 3005 2256 3208 m meenbiefje (p:r Eenige hier denwesende
2392 3102 3011 3220 Michielsz sigh tot nader
2410 3190 2997 3304 Ordre op Sammadangh
139 3147 2168 3384 aimmadanghte afgesondene, als over den wegh van
2405 3247 2880 3376 te laaten Onthouden
141 3334 2299 3533 van jonghpoura) aenteschrijven, sigh aldaer nogh tot onse
143 3450 3035 3628 nader adre te blijven onthouden,meer in geen ofteniehaertegen de bantemmer
2436 3596 2997 3683 off cheribonders & geen
159 3655 2959 3819 tegen de bantamner Beribonders wf jmande anders offictie t bujse
160 3793 2427 3950 te bewegen, den zijden pangevan van dammadangen
196 3923 2322 4120 self inde landen ej plaetsen sijnes gouverneudents
2085 4070 2375 4256 moehde
