3132 4578
2871 -8 3096 183 199
944 53 1048 210 5
2836 161 3058 343 199
246 427 2495 666 mits tijts expiratie nu Jongst andermael zjn verlossinge
238 609 2460 768 van daer heeft versoght, ende dat denselven, mits zijne
240 713 2437 903 ervarentheijt, en taalkunde oock seer dienstigh wert
252 856 2359 1002 geaght ome Radia Palacca, aghtervoegens
226 945 2416 1089 onse jntentie, en resolutie van gisteren; na berwaerts
2396 930 3143 1129 Cap: Leur sijn verlossinge
2406 1089 3114 1223 Van Macassar geaccordeert
229 1053 2282 1255 te geleijden, soo is hem zijne versoghte opkomste
242 1182 2479 1372 geaccordeert, en weder jn desselfs plaetse, nu met de
214 1294 2228 1481 flaman, derwaerts te gaen genomneert den
2399 1286 3095 1467 enugd: Sonfransen in
2402 1423 3076 1576 plaets derwrts te gaen
207 1419 2317 1572 Cap.. Jan francen Hoesteijn die daer voor senen
225 1549 2487 1697 jnde selve Character, noghmaels heeft gemiliteert
238 1676 2399 1830 sullende aende-keure van zijn hoogheijt Palacca.
2388 1636 3148 1829 Omme een van beijden niet
2438 1786 3110 1903 Radia Palacca herwaats
231 1774 2457 1969 werden gelaten, wie van bejde hij tot desselfs geselschap
2452 1860 2732 1983 te Comen
226 1909 2459 2101 liefst zal medenemen, en jn cas sulcx Jan francen
225 2019 2245 2211 moghte wesen; als dan Capitain Clees pleun
224 2146 2381 2294 nogh voor eerst tot onse nader ordre ginder moeten
229 2258 744 2434 verblijven.
155 2414 2436 2621 Dinnne tot hooft officieren, te gebruijcken, over de
217 2564 2378 2714 aensienlijcke troepen, nederlandsche militairen
217 2691 2367 2857 op eergisteren vastgestelt, wederom, na de oostcust
185 2806 2436 2956 van Java, aftesteecken, onder ’t bestier van d’EH:r
118 2907 2459 3052 Cordinarije Raadt, en superintendent Anthonio Hurkt
217 3029 2529 3218 ende waer toe alle de respective present hier aenwesende
207 3129 2360 3309 Capitainen gesamentlijck hunnen, dienst hebben aen
145 3281 3072 3429 geboden, soo zijn uijt deselve althans, voor gemelte de Captijns hoest dorp
2438 3343 3146 3502 Maen en Tact genomen
210 3383 3108 3557 Expeditie verkoren, de Capitains Harnout Wesdorp metd Hr: Hurdt na
181 3531 2999 3679 fredrick Hendrick Wuller, ende francois lack, sullende aparate gaen
201 3599 2329 3740 Cap:n fredrick, met eenen ’t opsight, en Commando
220 3716 2464 3857 over de mede gaende Batavise Javanen blijven
214 3838 711 3996 waernemen
430 3999 2435 4211 Ende zijn jegenwoordigh oock tot transport vande
2261 4221 2500 4358 de B:r
