3141 4553
2866 -7 3012 145 89
2842 126 3026 317 89.
250 440 2325 613 sommige plaetsen vergaen soo dat men daer door henen
236 556 2483 728 tleden kan, de binten off spanten nogh eenigsins goet waer
250 686 2452 816 van eenige wat sol kloucken, de sparren, en slatten, meest
250 778 2521 898 alle onbequaem, en vergaen. soo datten behoorlijcke reparatie
93 831 2355 1000 edient gedaen, en nootsaecklyck gerepareert, moet werden
244 988 2409 1122 door dien meest al hest hout werck verrot, en vergaen is,
194 1079 2357 1200 uijtgenomen, aende noort zijde, zijn eenige balcken, nogh
147 1173 2455 1312 redelijck goet en wel gedaen. voor soo veel als hebben
2390 1314 2458 1396 „
248 1277 2356 1438 konnen bemercken, onderstont en was getek:t Adriaen de
244 1373 2471 1556 Leeuw. en Cornelis Antonisz: ter Zijdestondt Batavia
11 1454 233 1617 6
258 1488 1061 1655 den 14e: april 1678.
255 1653 2476 1865 Waer uyt dan nader de seeckerheijt van dien komende te
2990 1761 3059 1827 —
2489 1700 3008 1859 T groots Trovisie
2463 1814 3019 1919 maquazijn binnent
253 1813 2324 1949 blijcken, soo is nodigh, en dienstigh geaght het selve
2486 1855 3122 1989 Lathie mits bouvalligh:
243 1899 2457 2056 provisie packhuijs, mette eerste gelegentheijt, op de onkos„
2473 1957 3114 2063 te laten Vernieuwen n
2502 2024 2874 2152 Ripareren
266 2005 2504 2123 te lijckste wijse, dogh segst. en sterck te laten vernieuwen
266 2125 2425 2216 en na besoren repareren. jn sodanigen maier als het na
39 2195 2483 2319 de gelegentheijt der plaets best zal konnen geschieden
240 2354 2481 2558 Dewyle de heeren Maijores bij Jaere jongste generale
268 2501 2461 2630 missive van den 16:e october des voorleden jaers de vaert
259 2631 2476 2723 en frequentatie van allen handel tussen Batavia en
259 2713 2551 2876 Bantam, nader en absolut hebben gelieven aftekeuren.
272 2825 2398 2934 en te verbieden, en dees dagen, door seecker portugees
274 2916 2591 3059 en eenige andere Inlanders vijfftige picoes spiaulter, en vijftsien
286 3007 2379 3152 Coijangh zout van daer hier zijn aengebraght waer
274 3122 2276 3272 van ons d’ E: Ontfanger, en sicentmeeter hebben
268 3216 2352 3411 kennisse gedaen. om te weten off die gbederen: soude
2453 3264 3077 3458 den In vorr Van Erugh
275 3362 2384 3517 mogen) werden jngevoert ofte niet: soo is daer op na
2452 3411 3073 3533 spiaulter en Sout Van
2485 3489 3092 3585 bantam Voor ditinail
237 3448 2401 3625 deliberatie verstaen, den jnvoer van gem:te spiaulter
2521 3559 3056 3684 vrogh toegersaen
276 3565 2521 3727 en Zout, dit indel nogh te laten geschieden, om dat
164 3665 2348 3851 die goederen bevorens, bij de lijste dert Gollen zijn
280 3798 2385 3964 toegestaen geweest, ende het verbodt deshandels
287 3886 2310 4050 van en na BBantam: tot nogh niet is jntrain
2100 4023 2526 4228 gebraght
