3134 4598
2825 71 3030 265 295.
2757 242 3060 448 295
953 613 1222 793 ebte
1571 583 2493 800 vonden ker
477 758 2029 908 rsea
1947 873 2293 1066 Vat
2364 894 3015 1100 D e eren
238 1022 3036 1203 maens dan ovet geleden wesende to de Bjnstaende bidres nae
2414 1094 3089 1303 souratta mede gerecommande
209 1165 843 1345 anterlle bo
1061 1168 2391 1362 aser de aeroij gegete vrdne
205 1341 2393 1497 wegens de moenagie pgticulieren bonde als andere
210 1467 2406 1647 booverie die in dese diierticmde aplicabor zijn gevesteere
459 1606 2261 1783 boonen baatsen grooten ontfange van 8be
196 1769 2334 1928 laagen zijde aewedermsseer qualijck Din verslaagt en
185 1875 2437 2086 dat datneende de rngeradmsen door de afgunstigheijd
195 1981 3050 2224 van den douletl: weijdigh hoope van beter sclat oevlende d: „  de
2406 2115 3035 2236 n Persia, hoe wel Sier
2404 2192 3058 2324 schadelijck, ons vooreerst
198 2169 2310 2390 onfange te gemoet gesien wiert, soo is Eghder naer
2399 2271 2957 2413 te Roghte Getrootten
171 2338 2347 2536 deeiset des geaght: dat wis ons sulcx voor eerst noge
206 2463 2382 2637 al hullen moeten getrooften, ommer soolange men
185 2596 2333 2822 nietkan teseveren, omme het gendacchte ottract
218 2689 3094 2927 weder aftetieden; ondertusschen dat op de derught des zijde Phande d esse
2429 2870 3072 3002 in den ontfangh nauw te
2453 2932 2648 3044 litten
218 2890 2274 3066 nauwkeutigh dien gelet; en daer op gestaen werde
221 3037 2266 3222 om geen amete of teegede Eenigezints aende nemen
214 3163 2487 3387 te meer nadien oock daer over nogh laast uijt het vaderlant
196 3335 2419 3591 seer is geklaagt, en in de prijsen der verkopp een groot
78 3493 1461 3696 (onderscheijdt bevonden gewees
225 3707 3091 3917 woidende Eevenweede brdie door d' P:r directeur benol:n . . . „
2397 3854 3051 3949 d dietn in 't bequard
2405 3906 3111 4027 gide  de nder
215 3878 2388 4072 naer spahan gegeven omme geen zijde benenenen
2402 3996 3098 4108 boosen ge monzen gouverneur
2491 4054 2833 4173 Grasprobeert
2037 4104 2355 4271 voor
