3195 4698
60 36 277 189 348.
101 229 351 394 348
32 2683 639 2864 Om de quade Gerughten
28 2821 645 2932 Vanden Javaanzen Hegens
1 2889 653 3038 Wierababa tot tan jongpoera
-8 3640 680 3820 Salmen derwaats ordonneur
4 3791 635 3892 te onderstaen hoemen den
7 3841 659 3959 selven bequamelijxt souw
18 3927 574 4023 konnen Sonder Gewel
19 3997 638 4143 van daer Herwarts dimotr
2599 523 2808 688 ne
793 654 2802 802 en lyt houden, als mede waater boorden eheel vers: tDijn
778 762 2768 883 mede door vergaenhejd op verscheijde plaezen Jnden bedele
2677 838 2829 956 nde
1342 831 2478 1007 enock binnen beijde de oodrlnge
781 828 1177 995 gaaten bijn
791 940 2758 1115 als onder gedeele huijlen noffacke . de wegenngt is ten
776 981 2843 1219 enedeele vgevallen enveroede, bop dat veel pserwerck
781 1142 2782 1323 en beijckers blev saen, waer van ’t Hondrkenk is gevallen
804 1251 2817 1377 boo dns dgeteel belif iet meer dan aen Malhande Barge
772 1354 2570 1486 sjne de Huijde woek geheel vergaen en onseijckenme
2484 1469 2702 1609 6
802 1454 2287 1612 dat als welcke voors: bij ons gevordeelt meg
816 1560 2868 1736 alie onbeiaen te zijn daer ijets aen be kost gege teiden
815 1685 2861 1856 tot bertimmean alsoo d selve niee hodigh is, als aende
810 1782 2157 1953 wall voor den ble gehaelt te werden
807 1822 2871 2042 Batavia adij 43=e September 1612 van dend al Geur
812 1997 2831 2183 Harman boderwuijehe Barthofomeus Wouters :S. V: el
852 2127 2274 2304 barsien de gil eend beo mers
654 2249 2905 2455 En Sureuant Jehem MMigiste den Dien d Londe
646 2423 2802 2638 van samadangse over van, dngpouia Biet de kigpe
671 2536 2948 2771 gekeert, en uijt de alvisen banden E: Hond:s vanden Eden
676 2683 2888 2908 algaet onse paggen ommaigseren d gebecken zijnde
668 2822 2869 3054 dat den tegent Nieta baba tegens verwagtinge gander
631 2976 2784 3190 nieeveol ennagh weln vertrouw, en dat Bij ons
657 3089 2841 3288 birlien de pajden aende balijers tot ndegoeden boubb
650 3248 2752 3459 agitergettouden , en daer door hunne dastinst
661 3383 2879 3624 dot ons deeet boogen, oo Vafiane ves d
665 3568 2859 3773 op molden b een diesje met de nodige pooviseen der
669 3715 2687 3932 te secommanderen, scterjck te onders Sal
658 3927 2800 4079 op was vr een manter nen eensel beqaneja
2384 4032 2797 4218 sohet
