3139 4610
19 21 212 190 104
223 178 408 334 84
50 257 221 435 8:
639 415 2680 603 voor noemde bedieningen wederom gestelt ende
48 427 609 585 d' Hr Outhoorn in
51 552 625 661 Wacis van d H Pav: Ejon
640 596 2810 710 genomneert dE H: extraordinaris raadt Willem
48 626 598 739 Commisaris in den
61 693 397 812 Jerheuraet
636 669 1304 806 van Outhoorn.
637 795 2770 989 de h: Extraardnaris raadt Jacob Jorisl: Pits.
620 981 2764 1105 jn raade voort gebraght hebbende de notulen van
639 1035 2901 1183 beschryvinge naer deBestoust van Sumatra
627 1141 2875 1285 omme met de Iagsjens schelpisch, en Cabellauw eerst
630 1274 2854 1413 daegs derwaerts aftegaen, soo is onder anderen goet„
47 1400 576 1531 d'uijtsetinge nad't
629 1383 2909 1544 gevonden, de voorefenome te doene uijtlettinge onder den
56 1486 618 1589 Eijlant de farbijn op
632 1485 2927 1635 schipper David davidsz: na te eylandtt de goede fontuijt
94 1553 592 1661 de wistcust Hogt
70 1616 368 1747 uijtgestelt
534 1621 2890 1772 bij resolutie van P: Maart voorleden gearresteert voor
621 1715 2819 1886 eerst nogh te laten berusten en uijtstellen, om goede
649 1826 2854 1975 redenen, ende t dat men vande gelegentheijt, en
641 1944 2858 2082 't gedoente dier Inwoonders nader zal geinformeert
624 2035 2855 2218 en verseckert wesen; dogh dat evenwel bij eerste
16 2076 562 2226 Mair Egter naeder
41 2197 612 2298 besendinge derwaerts
652 2135 2885 2305 occagie van besendinge derwaerts zae onderstaen
51 2261 626 2368 Gedoen om de veronge„
639 2262 2905 2409 en getraght werden soo veel anckers Canon &:a
43 2326 618 2438 „ luchte goederen Van
62 2397 334 2519 uijda
639 2373 2887 2541 der eerongeluckte fluijt uijdam vandaer te bekomen
629 2496 2126 2650 als bequaemlijck kan geschieden.
643 2646 2767 2833 Wijders geeet op de jongst overgekome requesten
642 2766 2855 2921 vern gemelte Westcust met voorschrijven vanden
646 2879 2907 3006 Commandeur en raadt en van dewelcke de Hr: Jacob
652 2986 2893 3132 pits, als nu oock nader goede getuijghnisse is gevende
634 3105 2935 3227 soo is daerop verstaen den Coopman Abraham opdam
56 3058 616 3228 der Coopman Abraha
61 3195 533 3301 Ofdam abzoluijt
637 3201 2856 3356 althans de naeste aende Commandeur, en hooft ten
63 3274 625 3375 oounde op Sumatras
644 3312 2923 3426 Comptoire poelo hinco, te confirmeren tot 't weede
60 3340 445 3469 Wistcurl
623 3385 2922 3548 persoon vande destcust, met zijn presente qualiteijt
627 3470 1044 3646 en fagie
63 3614 608 3780 den Oderkoopman
709 3610 2800 3806 Ejde den ondercoopman Joannes Colombi. eerste
41 3749 574 3860 Joannis Colomb
630 3730 2847 3920 administrateur, en negotie boeck houder ten Comptoire
76 3824 580 3959 60. g= sonder Verbant
598 3856 2750 4003 padangs mits tijte expiratie jn gagie te verbeteren
2751 3929 2829 4006 —
635 3952 2843 4116 van veertigh, tot vijfftigh guldens ter maent sonder
2466 4080 2896 4254 verbandt
