3060 4600
-14 2873 61 3024 „
2792 -15 3009 179 165.
2721 184 2962 367 166
200 198 2413 635 de eet er ede den beseken saele ijsen
36 579 183 700 o
201 598 2396 716 guarnisoen gecommandeert ende de resterende
198 709 2395 821 uijt onse jegenwoordige besettinge voor de rivier
204 797 2419 933 van Pamanoekan. mede genomen werden, ende
211 906 2297 1061 te beter zijn te missen om dat wij dees dagen
2281 962 2389 1090 —
205 1011 2367 1162 met de schepen Cina, en schouwen wederom
188 1128 2474 1324 met ruijm 200: militaire koppen, zijn gerecreuteert
59 1282 2435 1449 gewerden. en jn korten tijt na apparentie nogh als
197 1378 2295 1557 meer secours van daer staen over te krijgen.
169 1559 2384 1761 En met welcke provisionele adsistentie men ver„
206 1698 2333 1892 trouwt, dat d onse ginder jn genoegsame postur, en
2300 1847 2367 1950 —
201 1825 2249 1998 staet sullen wesen, eem tegens onse kort aenstaende
207 1932 2426 2084 nader principale ordren op vaste beenen, te staen, en
2406 1917 2954 2094 Van de Wolke in de
2405 2050 3026 2159 besettingen op Tegalen
204 2038 2373 2217 waerom dan oock de residenten op Tegaal, sullen
2404 2121 3050 2233 Sammarangh des nodigst
2461 2198 2963 2282 enigh Volch Sak
202 2146 2400 2310 gelicentieert werden, uijt dat volck t' haerer ver
1992 2199 2489 2320 t benevens 40: a 5ogulan
2465 2241 2990 2385 mojen geligt werden
199 2287 2470 2402 sterckinge 10 Inlandje, en op Samarangh 30: europise
185 2357 2253 2499 zoldaten te mogen aen landt lighten, nadien de
194 2484 2374 2619 stropende en vijandlijcke partzijen, sigs jn die
194 2589 2360 2728 contreijen, mede nogh somtijts schijnen te verthonen
266 2762 2458 2932 en alsoo 'er op Japare &:o wel eenige taelkundige
198 2883 2328 3085 suppoosten vereijsschen, m onder de Iavanen hier en
2430 2952 2975 3133 den Onder Coopman
199 3021 2437 3180 daer jn kleene commissien te werden geemploijeert
2493 3096 3049 3199 van Jonass na Japara
2382 3137 2913 3289 Cmploijeren
203 3148 2398 3271 soo is verstaen den ondercoopman tvan Sonassen
211 3245 2362 3409 ten, dien fine mede derwaerts te laten gaen
211 3352 326 3478 d
194 3423 2457 3610 vermits d'eerwaerde predikant Cornnelius Paijs
2316 3572 2407 3664 en
214 3574 2388 3750 veeltijts swack een onpasselijck is, en dat d’ eerw:
205 3698 2448 3848 fredricus Guenjer, bedienende de maleijtse gemeente
197 3790 2465 3929 oock voor gedragen heeft, zijne genegentheijt omme
210 3947 2431 4055 Eerlange na 't Vaderlandt te retourneren; soo is
222 4005 2502 4169 om versheijde goede redenen, goetgevonden deerw:
2194 4147 2303 4270 d:o
1930 4314 2047 4494 ap
