3146 4693
2922 9 3096 143 83.
2869 131 3048 265 83
299 163 2540 617 Dijnsdagh 12:e April Ao 1678.
307 955 2379 1153 Haer het afleggen vanden gebruijcklijcken eedt
2482 1042 3121 1216 de Hhiene Haaen van
286 1093 2442 1229 zijn heden voor de eerste mael jndese vegaderingh gead„
2488 1183 3065 1288 Outhoorn, Camphuijs
224 1186 2433 1312 mitteert, de extraordnaris Raaden van India. Willem
2486 1246 3077 1336 Pits, en Vlobel werden
2503 1254 3161 1448 beedigt en Vlemen Cissie
307 1273 2344 1386 van outhoorn: Joannes Camphuijs Jacob Jorisz pits, ende
300 1385 2488 1517 Constantin tobel, waer na zijn Ed:e de Hr: Gouverneur benev:s
306 1493 2519 1633 heeft voorgedragen, de ordre van onse Hoogh aghtbare seren.
300 1561 2491 1726 maijores bij missive van 18:e octobert 1677: ujtgedruckt
290 1659 2410 1806 en nu met het Galioot de snoeper ontfangen nopende
287 1749 3131 1896 het Licentieren bedancken, en ontslaen vande Heeren de Gelicertieerde oude
2506 1848 3136 1964 Heeren Pit en Overtater
287 1858 2359 1993 Raaden Pijt, vertwater van Hoorn, pavilioen &:o
2515 1932 3107 2065 versolken Htaer de missiv
304 1966 2414 2057 waer op de Heeren Laurens pit, en Pieter A: over't
306 2053 2473 2186 water haer E: demissie hebben versoght. maer den E:
2479 2078 3160 2279 d H: Van Hoorn Verwagt
270 2156 2451 2280 pieter van Hoorn verklaerde als nu ter vergaderinge
2518 2216 2756 2317 deselve
291 2238 2380 2371 niet gekomen te wesen om zjn demissie te versoecken
286 2383 2439 2498 maer om die te verswagsten, waert naer vervolgens
283 2453 2506 2610 door zijn Ed: den Heere Gouverneur generael geseijde
2478 2312 3058 2654 daten
283 2570 2460 2703 Heeren gedemitteert zijnde, soo zijn deselve opgestaen
2479 2632 3065 2723 overtwater. Van Hoorn
293 2663 2466 2807 en uijt de vergaderingh gescheijden, hebbende alvorens
2479 2696 3126 2796 en Pavilioen werden door
2477 2765 3128 2871 d Hr. Generael gedimitteert
281 2760 2434 2875 een beloeft alsheijt genomen, ende de boven gemelte
2461 2832 3091 2963 en minin afscheijt uijt
293 2865 2938 3022 nieuwe raaden, met haere bekomene qualiteijten dVergaengt
283 2953 2457 3120 ende eerste cellie alle wenschelijck geluck ende de
273 3025 1671 3203 Legen des Heeren toegewensht.
315 3267 2482 3421 Batavia in’t Casteel datum ut Supra.
2131 3408 2757 3640 van goens
1921 3631 2661 3835 oo
1964 3788 2905 3966 p. R. dertwater
2068 3915 2895 4230 Jatern Hedie
841 4055 1547 4270 JanJamphuijs
897 4304 1138 4465 b
776 4482 955 4598 N
1021 4479 1081 4551 b
929 4482 1184 4642 E
