3143 4621
2837 23 3083 164 421
2809 146 3044 329 421
1763 325 2019 650 17
475 428 872 684 7
281 723 2347 930 hngen snee zmen dnern
1723 919 2569 1048 bo innactn
411 925 1442 1079 iclnt dan dierteberw
1728 1019 2205 1153 eoin
495 1030 1406 1180 an netitieaals ten diede
2520 1113 3089 1256 den Oppercoopman
1648 1123 2242 1281 1 hant
255 1145 348 1290 E
2618 1213 3098 1333 Albert Jan Breugell
2619 1284 3071 1375 in Plaets vjid E
471 1273 2348 1416 nden ongn allet onlden H
2602 1339 3076 1448 van den bolk, schepen
2603 1412 2881 1525 deser stede
394 1379 1669 1546 alven bancen tijde dnmac
1800 1370 2465 1548 tij denes
391 1524 2544 1683 bije weetgetwoorkend ons ie in de tn den Edinc
2604 1546 3113 1721 't Jagt voor hout uijt
201 1641 942 1794 enh
1025 1648 2573 1782 aaren uckne
2620 1692 3113 1788 de stact sunda op te
2620 1755 3123 1849 Roepen omte timme
464 1766 1615 1920 d coe notvondg honstimmerd
1899 1767 2546 1913 be balht n
2582 1795 3118 1978 1ad eprrele
641 1878 1657 2028 acopp de orangiedoom m
1814 1874 2424 2035 rant bune wa
2617 1938 3076 2032 tot Naderondre daer
2647 1989 3110 2130 leen te laten Cruijssen
565 1972 2510 2163 hn; en die bectuijssinge aldar bij de soompt btandre
421 2072 1660 2273 et haar ordre waer genomen
333 2190 2540 2423 hen dn den boede van den overeden o wolen sn nhijen kijde
524 2385 2578 2531 t geteel inbolene zij bevonde, endeemb: 14
281 2461 3067 2668 bcomdinge vandenoissas Jan van hinen on morkelijk dsinc sii
2613 2539 3087 2632 agter stalligen boedel
2615 2606 3072 2713 Landen Overleden
268 2585 2385 2773 Commabij van segpen de kord wale de dners bejkoen
2639 2660 3110 2752 Jambijzen te scdit
2663 2722 3094 2808 rit Pot, aende
230 2682 2350 2881 de beeke van onne naeeatenschap en verwarden boodee
2650 2788 3081 2894 Saet Van Justitie
2629 2855 2972 2987 erte Geven
330 2803 2506 2985 wesanden acheb: halde van dustinses Castecr, onme
392 2935 1234 3118 inte banen
1788 2961 2474 3145 de a et ijde
420 3114 2576 3296 en moesten midte van domp: ban innen gebehieden d
361 3216 3083 3395 dn siven vande gehuurde Seruijt dduff: maria dan Coonceis rsik
2609 3376 3127 3485 schipper vande gehuurde
225 3375 3157 3554 Eedi, binnens daende om de pramie van sijne uijt eijse gedaen nsuijt Wanna Anster
2626 3504 3126 3612 om sijn Premie Voor
95 3468 3045 3687 wegens de Samen Hoon in 82¾. maend over Laar de goede gedmmitin
2616 3582 3156 3718 aende Heren Meerhers
510 3619 2922 3819 dden 6 febie tot 28: dubij laastleden, dat sij Hier prefireert
108 3723 2625 3941 sijn aangeland, de deledelse, engeconkdereerd zijnde dat
252 3857 2692 4069 gemeete besijper en n d hoooende volck de rheeders t niet
181 4031 2606 4210 de oig: aengen Ebe webese geacht en vers can
2353 4140 2576 4264 hem
2374 4244 2536 4389 de
