3142 4692
120 2 359 219 462.
95 206 334 423 468
2193 479 2523 698 17
1075 770 2728 976 eratie vershaen de Bapiteijn drll
700 936 2589 1110 a mete d aargoudergeeden nmat
653 1038 2773 1227 halen. en onaengesien het gensoevcd van gisteren
55 1130 2813 1336 Cof saaen ik wd aande seni dat bij met ons woeck zij den opdoghe
67 1252 588 1362 â 88. dagen op goedol„
670 1281 2853 1472 „balijers naer bammadangh ams doort degaen affinde
38 1321 628 1441 goedon off tanjongpoura
46 1386 503 1508 te laten verblijven
497 1352 2772 1554 noghwel e daagen, aldaer en optamjongonra sall
607 1488 2916 1716 mogen vertoen dan alloe door eenigh beierijck verdrck, gem
40 1498 600 1653 om met haefig vertied
55 1618 580 1702 Geen altiratie onder
592 1638 2851 1838 aldentie onder de panende veroorsoeken den dee Boolans
37 1680 562 1808 de Javanen te Geven
42 1750 567 1878 de Rovisie Vaertuijgen
550 1692 2735 1957 de afgezonde saentuijgen, met wijl en besoesen nae
34 1848 502 1950 mogen soo lange op
58 1844 2904 2094 ten ongpoia ook danjonghnmasj oock wel sullen mogen aengeonden
41 1975 324 2075 verblijven
561 1969 2781 2233 en miedelewijle oock oezser lieer in ste omtren
29 2042 581 2180 en onderwijlen aldaer
38 2136 548 2227 een bequame Plaets
567 2139 2797 2332 onse pagger den bequanme plaets too berginge van den voorn
28 2173 576 2328 tot berginge der proois
48 2269 520 2409 Gemanktnden
557 2234 2385 2487 demovitien voor d guarnooen oegeregtt werden
450 2434 2800 2728 Haer Eenige gezoude diecouissen van sijn Booghdjt adja
1272 2596 2812 2851 maecassaarten tam Disser;, die
539 2717 1106 2908 bij He
1204 2736 2686 2926 9: desen wastgis hele was met bhip
534 2857 2858 3100 dwopen van weeburgl naer ondermotjov te laten afgee;
541 3017 2882 3183 Soo is als nu bij nader overlegh om verscheijde onbederaien
539 3130 2852 3348 vande ongelegentheijd des saijsoons; de ieckde van ons volk
31 3136 520 3298 fram Disseij en de
29 3260 481 3355 Macasseren om
533 3250 2907 3475 tot voorsz ondermatjod, als andere opsighten onser presenten
14 3324 533 3436 diveese Redenen niet
9 3394 499 3495 na Indermaijo te
520 3352 2910 3619 does Lanm alhier; en oock oment den versoon van gem:
2 3460 526 3563 laten Voortgaen, maer
14 3517 555 3627 voor eerst te doenhied
633 3497 2970 3728 Lissee verstaen, en bese geaght, die besoludie, en voorgeiome
8 3589 239 3717 blijven
517 3636 2906 3870 eghe van den selven na ondermaijpe wederoim ge alsereren
502 3763 2736 4026 mals hem vooreerse nogh Bierde Laaten verblijven
2362 3963 2831 4254 Wwers
