3132 4688
71 237 127 357 ot
2841 19 3012 185 23.
2758 153 2904 366 3
279 361 2452 610 Tydagh 28: Januarij 1678.
161 721 2558 949 Copperhoofden van't jngehuirde Iagho Deoemendaer
2443 838 3003 1040 die van ’t vehujde
235 938 2368 1078 als nu versoeck doende dat haer moght werden
2461 1002 3056 1093 Jagt blotmendal door
2484 1069 3046 1165 Gedane uijtsijz
233 1031 2372 1223 toegevoegtt de ordinaire prenie voor gedaene
2469 1130 3011 1275 1 Premits begelegt
198 1145 2450 1386 spoedige voijagie uyt het Daderlandt. soo is goet
243 1303 2442 1494 gevonden haer uijt Comp:s Cassa te laten ontfaangen
178 1437 2369 1626 de halve premie zijnde den 26:e maij 1677: voor
227 1557 2512 1772 rekeningh vande Camer Amsterdam jn zee gelopen„
247 1696 2511 1903 ende den 26:e december desselven Jaers. hier ten rheede
238 1844 819 2004 gearriveert.
228 2089 2500 2321 tot meerder verlegerings vande vaengebeijde retour
2462 2181 3083 2378 de drie Actouds chepten
242 2236 2462 2435 schepen, voor't Vaderlandt, jn dese tijden van oorlogh
2482 2341 3080 2437 Wat Sterhet als Cordinair
247 2349 3074 2543 met Dranckrijck, is goetgevonden deselve wat stercken in dese oorlogks tijt te
2496 2464 2795 2565 Manne
298 2471 2461 2664 e mannen als anders wel nodigh soude zijn namentljk
240 2644 2551 2853 het sagst bouloru met. 115. zeeparende en 30: milit.
249 2799 1135 2974 te famen. 145. koppen..
244 2874 2379 3101 het Jaght Deomendael boven de 60: Ioevaerend
247 3013 2556 3213 vande reders daer op bescheijde nogh met 10: Zervaerend:
255 3146 2494 3362 en. zo militairen van d’E: Comp:e tesamen 95 koppen
1906 3281 2490 3404 en 10: zeevarende,
252 3352 2388 3508 de fluijt de Crijgsman met 20. militairen boven de
304 3454 2368 3665 40: Zoevarende vande reders, tesamen. 70. koppen;
385 3667 3112 3848 ende om geduirende de reijse het gesagh en Commando den schuiper Ianboor
2494 3800 3120 3908 Van Susdijck op Porlorret
249 3825 3115 3992 over deselve 3: bodems te hebben. is goetgevonden tet stchen dit Commande
2470 3935 3077 4035 over de 3: leste ftour
271 3933 2458 4098 gebruijcken, ende vande fluijt soestdijck op tiet saght
2488 3998 3074 4122 Pepen aen te bevelen
252 4073 2478 4218 Pouloeruij, te laten overgaen, den schipper Jan Door
2250 4222 2496 4372 zijnde
