3147 4618
-19 364 99 486 is
-1 2935 183 3073 --.
2926 36 3082 184 37.
2828 248 3123 414 23
185 290 378 441 „.
277 344 2376 744 Vijdagh 20:' Julij 1630.
167 1171 2473 1411 Nademael met het afgaen van den heere out ord:
267 1359 2468 1529 „padt, van India, Laurens pit, tot nogh zij open
266 1482 3091 1620 gebleven, het Commissaris schap, over ’t kleen zegel d H:t Cehuijs com„
2448 1572 3087 1713 missaae over t elden zegde
261 1570 2429 1711 soo is het selve als nu wederom opgedragen zenden
320 1647 2541 1801 E: Heer Extraordinarij raadt, soan: Comphuijs.
250 1861 2401 2082 Den borger Abraham Trempenaer bij requeste versoe„
2423 1937 3118 2115 Den borger Abram Kompenaen
253 2004 2343 2185 kende, omme met zijn vrouw, en kinderen p:r de
2399 2078 3086 2187 mit Zijn famulieliantie
2439 2143 2994 2248 na't Patria Vrgnit
263 2101 2281 2299 aenstaende retour vloot naar ’t Vaderlands te
2446 2219 2803 2354 vraght vrij
273 2226 2317 2417 vertrecken, dogh dat hij mits onvermogen, van de
250 2336 2440 2520 betalinge, van het ordnarij transport en kastgelt
251 2470 2442 2622 moghte blijven gelibeneert; en jn plaetse van dese
256 2567 2527 2729 geduirende de reijse souder gagie als kranckbesoeker
249 2685 2384 2853 werden gebruijckt, is hem het selve versoeck. op
249 2731 1516 2909 goede jnsighten, geaccordeert.
255 2932 3079 3137 gelijck mede aen Susannae Prants, wert toegestaen, tusina rants met
2465 3075 3105 3192 Aeer faneie passagie na
251 3052 3077 3233 met haer familie van hier, naer Iaffanapatnam oper Jaffanapatnam vrgunt
243 3151 1929 3344 te vaeren om haer aldaer te Erneren.
334 3385 2464 3602 dewjle de Jaghjens Dantam, en Hoop, t' eerste
2492 3456 3125 3626 Geborgen Jaghies Benten
164 3519 2478 3681 den borger Willem Mlouraij, en ’t ander den jnlants
2475 3591 3076 3700 Hoop Voor de Comp.
2455 3663 3091 3758 Aentenemen tot 2200
249 3647 2407 3775 Capitain, Anthouij Adriaensz: toebehorende na
2456 3723 2862 3860 Rijxd ijder
269 3731 992 3857 vilitatie vanden
1061 3757 2175 3909 Equippagiemeester. en
2156 3820 2208 3900 e
249 3853 2258 4036 gecommitteerde schippers, en Timmerlieden
248 3930 2479 4135 bequaem, En voor d’E: Comp:e dienstige geoordeelt
2175 4073 2369 4222 zijn
1856 4387 1970 4565 5
