3081 4581
23 3914 128 4087 t
77 2927 195 3113 5
2833 24 3010 164 171
2771 160 2948 332 171
-9 407 1813 645 geruijmen tijt sonder emplaij gelopen.
41 620 2186 814 Nadien de gragst deses Casteels Land zijde
2330 687 3062 872 Desinges onstuijdiegen
46 843 3058 977 door t' verloop destijts wederom ten meerendele vande gragt deses basteele
46 893 2459 1049 droogh, en vol modder gespoelt zij, ende dat de heeren
181 1026 2230 1189 meesters. der wegen, als de verdere gelegentheijt
188 1145 2252 1341 van't Casteel bij Jaere jongste ordren weder om
2225 1174 2300 1293 —
168 1264 2272 1439 mentie maken, en't selve jn behoorlijck postuir
174 1356 2460 1579 te moeten werden onder houden, soo is als nu gesproken
2295 1521 2401 1653 _
170 1542 2341 1668 en gearresteert, om een overslagh te maecken tot het
147 1625 2333 1818 uijt diepen deser graght, aende Lantzijde, en ’t selve
183 1740 2287 1893 't zij bij aenbestedinge ofte door de soldaten, op de
182 1856 3008 2008 onkostelijckste maniere te doen bj der hant nemen Entoot horst de Nodige
2405 1973 3054 2114 danmen daertoe te leggen
165 1975 2322 2144 en voor eerst door den fabrijcq, de nodige Danimen
88 2067 1222 2235 daer toe te laten leggen.
381 2454 2326 2670 Batavia Jnt Casteel datum als Voren
1827 2661 2530 2886 van goeus
1756 2937 2412 3119 an Bneme
1660 3184 2642 3440 W: van Dnfhoer
2473 3322 2552 3450 6
1810 3463 2593 3692 Van Campruujs
1375 3524 1828 4080 t
1758 3739 1961 4092 1/
1919 3981 2032 4094 n
1741 4004 1867 4154 n
