3066 4462
9 2888 115 3028 P:o
31 3352 151 3462 „
44 3453 113 3566 k
2642 67 2916 294 47
623 217 1379 463 Oer
6 303 108 460 3
29 411 2984 558 19„ d:o En dat zij daer uijt 2: Baren paggers op te flucht gedieten waaren . . . . p:o 394.8
12 523 174 688 d —
339 554 2554 713 1s goetgevonden, te ordonneren hoose met minnelijcke Insinuatie dat dis sout
8 657 69 736 1
628 632 1956 806 niet wiee, tuijmen - - - - - - . -
301 715 2656 914 an dan met genele self tot nde Rheubonze dorpen langs den zon der zee
610 858 1861 1010 daer toe te Constngeren door gewelt
1759 901 2492 1084 - - - -
315 939 1591 1111 sonder hun diep In't sgge te vervolgen . . ..
328 1036 2618 1194 den Woonders van nermaijo met const tot Haer beter plicht en beschermige
567 1122 1804 1305 van huin laut aen te maanen . . . . . . .
158 1237 2495 1405 de Cherbouze doopen van onse goede Jnctinatie mede te versekeren - - -
134 1344 2604 1531 Contentie des doots van den Agtb: Jadt Van Jut sitie geapprosseert tegen Andries
672 1474 2120 1636 Petter Van Wijnddin overbegane manbagh - - - -
29 1561 2629 1721 21:. d:o den booger dirck adriadus Meulenschot, met zijn rouw, en Zoont ep icontie na’t
2639 1648 2974 1838 „ 396.
613 1687 1802 1847 Patria geaccordeert, en hem voorde kos
197 1790 2669 1976 den bandas borger theunis Claesz boet 500. lxr. terleen toegestaen, om in bande
1803 1920 2362 2049 .. . . . . . . . .
591 1907 1332 2071 te testiueren - - - - - . -
180 2026 2664 2175 den bandas borgen Hendrick pepinpper appel toegestaen van seker proges, tussen hem
2639 2100 2723 2244 „
595 2122 1901 2270 en den opp:r Coopman Maarten Nots . . . . . .
11 2190 2812 2392 d den adsis ent Lucas pietaegt gesiv: Elerk van seeren schepena, . . . . . . . . . „ —
253 2331 2765 2513 besoingies totte fescriptie over Mallabaer na souratta, en perzia - - . . . . . - . . . „
140 2465 2810 2644 Inde bleghie tlegotie van Persie kanmen als nogh geen andre ordre geven . . . . . „ —
148 2618 2683 2776 den Coopman Nicolaes Aidzert tot Packhuijsm: in Damron: In plaets 2:
574 2723 2022 2872 den overleden Adriaen, tepelaer geapprobeert - „
2628 2719 2991 2895 „ 397.
303 2806 2608 2985 ’t verleenen van passen aen den Aranenier Dosia LaEroup in souratta Jaerlijx
159 2877 270 2986 e
585 2933 2492 3074 na manilha aenden directeur, en Waet aldaer gedefereert - - . . .
304 3036 2641 3214 mits soo bij daerbij Comp:s tegotje niet prajndiceert hen daer toe Ml passo
594 3189 1275 3340 magh werden verleent
310 3231 2688 3467 de pederen in souvattabij ontfangh, En uijtgese met de verenschte toesigt te doen
600 3404 985 3540 lederen . ...
286 3455 2707 3668 en geen Excessive onderwichten saemen dabrom voortren meer in foeij: mogen brengen„
304 3618 2106 3805 Waer de administrateuis daer van sulx moeten bragen . . . . .
2637 3635 2959 3806 „398.
330 3727 2584 3911 tonder wijde Van 2. p:s C=o op de tlagelen nsoumaita ia den Verhoop geballen —
633 3860 2737 4006 behoorde niet tot Comp:s maer tot kissendas Laste te komen - . . . „
290 3935 2646 4168 en schijne de Comp: daer omtrent, als oock ’t betalen des hooge Jntiesten aen voors:
2647 4102 2716 4230 „
2072 4100 2373 4263 d
687 4102 2004 4280 Waekelaer te werden geabuseer off bedrogd
