3099 4572
1142 413 1264 547 te
279 466 2458 673 raadt Commissaris en Directeur jn Surata, en nu ordnaris
232 658 2465 800 raadt van Jndia, de Hr: Willem volger, wegens desselfs
273 735 2390 887 verrightinge, als Commissaris jn Suratta voortz: onder
2415 754 2476 867 —
215 824 2337 982 anderen mede staet aengehaelt, jn welcker voegen den
270 946 2437 1093 Oppercoopman en tweede persoon derselve directie, met name
267 1038 2439 1157 Albertus van Oosterwijck, mitsgaders den Coopman Joannes
236 1139 2428 1301 Dackerus, hem heer volger successive, en particulierlijck
259 1241 2513 1448 jn effecte hebben bekent, en beleden, de saecken jn deselve
161 1335 2494 1539 directie al van onts niet reght hadden gegaen, en bij gevolge
199 1453 2511 1633 dat zij oock met suijver waeren, soo geeft den ondergeschreven
248 1514 2554 1694 fiscael van India, daer op met alle Eerbiedighejt en behoorlijck.
205 1657 2488 1804 vrespect dese hoge regeringe jnseriense bedenckinge, off den
242 1737 2503 1927 „dienst vande Comp:e iet hoogsnodigs vereijscht; dat gemelten
274 1875 2460 2030 van Oosterwijck en Dackerus, uijt Suratta Terwaerts
268 1948 2262 2142 opgeroepen worden, omme noghmaels daer op bij den Heer
264 2080 2499 2256 volger, die hier mede uijt Dengale, staet te verschijnen
262 2170 2465 2286 gehoort, en dan alsoo vervolgens tegens den anderen nader
243 2237 2355 2437 geconfronteert te werden, off misschien meerder sight en
245 2367 2455 2537 klaerheijt daer uijt jn dese zaecke ontstaen, en hem soude mogen
248 2449 2454 2632 komen te verthonen, als mede omme na ver eijsch van saken
168 2509 2323 2719 als dan door den ondergesz: fiscael, alhier aengesproken
253 2686 2507 2848 mitsgaders Zijluijden, in haere desensie te konnen, en mogen
247 2781 2447 2967 gehoort werden, onderstont, en was getek:t Gualter Zeeman,
242 2917 2497 3170 Waer op gedelibereert wesende eenparigh geresolveert
222 3062 2496 3247 zij genoemden oppercoopman Albert van Posterwijck, en
237 3168 2382 3341 Coopman Joannes Pacherus, beijde uyt Suratta, te
241 3295 2470 3442 laten op komen, omme haer op het te last geleggde vande
229 3393 2444 3583 heer Volgen, alhier te ver antwoorden, mits hunne be„
134 3515 2450 3691 dieningen, soo lange sullen vacant blijven, en de secunde
235 3651 2450 3831 persoons plaetse van den E: Ooster wijck provisionelijck
243 3766 2409 3937 waergenomen werden, bij de Cooplieden. Adriaen Dijck
238 3852 2280 4028 en Jan kell, dewelcke beijde jn die Directie lange
258 3972 2308 4185 Jaeren hebben geverseert, en waer van den eersten
2880 13 3120 191 189
2651 235 3016 413 189
2492 3079 3112 3259 die dan oik goetgevonden
2490 3199 3076 3299 zijn. beijd te laaten
2476 3254 3033 3378 Horwarts Zome
2464 3642 3098 3782 en Oosterwijks functie
2436 3751 3044 3865 soo langh bij de Prs
2429 3826 3049 3942 Pijk en heel te laten
2479 3901 2871 4002 vaernemet
