3158 4669
2875 40 3103 216 838
2855 196 3085 352 377
415 464 2637 698 den ende quadiene dagten vande bede
711 667 2638 878 wederem bij deguesebeekoenende bnd geberet
646 787 2298 957 dld bij door het opeten en agtb deie
421 949 2441 1152 bedene bantinde bissehvie van herd: als uwee ond
340 1073 2502 1245 bijden, met versoeck dersalven den quijtbeseldinge den
2591 1132 2948 1357 Van ts
317 1208 3115 1414 Eenige maenden pagte te mogen geuideer, Eed is beedros wtdenset nsod
2671 1388 3050 1478 len, E Jaar
309 1361 2637 1590 wee delioer dns verstugn ven toeveig beven de vongen s
2662 1423 3073 1596 d J ana Van
313 1498 2628 1707 gwee als ut dogl den meeent Eunckeanee han bedeline
281 1647 2540 1810 ie devenepageemingen te aldndeten tettet zijnde
300 1784 2664 1946 van d Het oune als van daer mie naer kedelijkeijd
307 1928 2255 2089 onbevindinge vatt baaken vander de dispoueren
303 2033 2541 2252 En denijle Een baoktes van d enkouende buijheen
250 2217 2429 2360 olgants: mnde de noot dunende twoublen en ootlogen
482 2394 2502 2561 oist van vandon waar door oer weijne
237 2505 2518 2684 dnken aen somd wegelijd indrctoeemstees Aene
297 2702 2590 2841 van vagte det verlaase maenden veorldaere soo sijn
2533 2728 2624 2807 „
2641 2840 3027 2947 Einde Saissaet
260 2786 2554 3019 Een dewijl die keagen omgde gesomeent zijn megt we
2605 2916 2835 3063 gn
244 2929 2493 3128 naanden sell staliot tottet zijnde dee daersweegn
285 3084 2254 3287 om dan daerjnne hemede nader te diebonceer
401 3215 2623 3416 enije Pands engeetenei met al verscheijde mateen i
267 3374 3079 3566 on daeronder op heden wederom tenen od suijke veen tnstllen om
311 3501 2551 3728 gedaen heobende, dat het toten om waare Patien dj
283 3654 2674 3873 bioeute van 2geender des daers : door de Hooge
302 3840 2683 4032 begeringe de goede onsighten en uictiven verboven, wederom
2327 3978 2548 4130 als
