3149 4671
0 878 115 1045 2
2767 44 2871 166 6
2824 10 3008 211 433
2730 184 2974 374 47:
1995 462 3085 684 E dn onetene e ende Weg see Cheen
1127 473 1850 695 lant gede
262 636 2587 806 de schepep ajten boen gouverneu demnee bohoe
513 758 852 902 doen L
236 851 1976 1081 Wl ed noof memant ij oesfed tot bij
206 1021 1949 1204 van Compag Bespitait in plaats vand
2501 1079 3002 1287 D t Conge heig in
234 1122 1938 1323 sieten van hoongtoo wals ni daor twijnge
2513 1237 3077 1350 van de van Hooen
561 1259 2229 1437 E kaer oane ampbnije nevens dan
2503 1310 3029 1418 uijden egende vand
2523 1383 3045 1477 Hofpituel Nevens
269 1412 2387 1583 magenchristiaen voorman, dig bulpalponigt gaaren
2575 1438 2898 1574 maijor
767 1555 2380 1704 n wat huijder voer novens top een donde
2518 1561 3089 1722 deEb„ dk nog is geod
2487 1665 3076 1775 in den Caprijn dioelef
259 1591 2411 1823 buijten beet n aarogt weet genomened dnj
2490 1743 2901 1853 Panderbrick—
314 1759 2269 1956 diloff van der beck booende zijn post aande mmitew
277 1897 1158 2067 eneert gemelde Besek
314 2000 2177 2186 onderstet het Engebrnte vneem Ceijens
2513 2018 3110 2204 Engelhruijt Wellen Haaj
2518 2166 3093 2268 van siga, als tot belagt
648 2155 2240 2313 enden daed med herschip bnaken zv
2514 2230 3059 2337 cken onbequaam
2513 2289 3049 2400 ande Estlust te
287 2298 2352 2438 dedieru het vannandgeomen, en nu inde
2528 2367 3000 2491 Rugge gesonden
1523 2402 2471 2560 en an bunnen
322 2424 967 2584 ledenaat
520 2543 2411 2708 hist mde sijve demerte ndoen, om de
256 2658 2355 2830 bij voor dndonst metdeuam is este voldoen kan
354 2781 2414 2971 nbeovende gevechmeldenen mnd hett met zijn
268 2930 1423 3098 woorgeven bedon  Cdis
1734 2883 3057 3101 deee bet den het over mits sijn
2517 3019 3089 3122 allk vorgeven bij de
2500 3088 3071 3212 Heeren Meesters: dan
389 3024 2313 3247 dcatt shact van dndicn van den agrtbanten saad
2522 3158 3099 3274 de fescael voor d Ristiko
283 3181 2994 3319 van iste de doonaenppicken nsijn ds Duckonte den aenstieken
272 3324 2466 3494 vikwijsen tot las n van den beeden datrnevonenban
314 3461 685 3624 de shollen
334 3585 2493 3762 en gewetonschne oppers tierhman en vanij van Toom
2512 3612 3136 3810 en Chuijen Antrijve
2500 3752 3123 3900 donen door d’ H: gouv: baae
90 3754 2345 3905 N:o: 16 metlicentie der borge Negeringe op't verboeck
2529 3845 3107 3944 aende Caap van ’t deens
272 3899 3125 4043 der deenze vounen van hier naer Hantam; en wijders schip de Pheuip angelode
2529 3983 3114 4099 Gelight en Herwaarts
2554 4053 2897 4187 Opgesonden
2235 4051 2478 4172 met
