3204 4676
2944 59 3104 267 93
2923 259 3035 418 9:
202 267 2596 767 . Savurdagh 23:e April 1638. —
717 666 2418 891 voormiddagh Extraoedenarij Vergaderingh.
273 1089 2526 1316 Nla het lesen der brieven, en advijsen soo even met
316 1277 2537 1447 het schip ’t huijs te spyck van Cormandel aengebraght.
329 1385 2479 1548 wijders oock gesproken zijnde vande eerste besendinge die
328 1447 2569 1639 ordinair Jaerlijcx na die Cust moet getschieden, ende dat
330 1551 2636 1762 er oock op nieuw al een mercktlijcke quantiteijt Iapans koper
328 1683 2403 1831 en andere Coopmanschappen.. voor den handel aldaer
2562 1717 3115 1893 de schije, getmaten
319 1770 2553 1935 werden gevordert, soo is als nu met eenen goetgevonden
2587 1843 3079 1936 en Macassar Voor
314 1860 2482 2057 na geleyde Cust Cormandel aenteleggen. de schepen
2559 1901 3150 2016 d'eerste besendinge na
295 1920 1289 2108 Ternaten, en kacasser.
2546 1979 3140 2110 Cormandel aengeleijt
495 2082 3150 2272 ende alsoo ons gerapporteert wert dat d’E E: H:r Direct:r d H: Seelman met
2551 2232 3102 2331 Van n schoten n 3.
309 2213 2532 2377 generael Cornelis speelman, komende van Japare s
2555 2293 3157 2451 Hergies t: Lwillaomen
222 2305 2552 2464 hier al dight omtrent, en voorde Bant Zij, is op 't voor¬
298 2390 2556 2585 dragen vande Hr. Gouverneur generael verstaen, zijn
325 2516 2567 2687 EE: op zijn aenkomste met 3 chergies musquettados.
287 2614 2571 2805 en Canonshoten, te latenverwillekomen, ende sulcx
2588 2676 3072 2857 E 1 7e tede
291 2729 2572 2903 voortaen tot een gebruijck, te doen observeren, dat alle
2591 2821 3139 2917 od„ dinarij
285 2834 2552 3005 raaden ordinarij van India, die uijt eenige oorlogs expe
2581 2891 3151 3006 Hadersoolob
155 2880 321 3038 d
2622 2952 3065 3077 eppedine Comen
299 2947 2578 3120 ditien alhier te rugge keren op sodanigen wijse als vande
285 3038 2568 3211 Hr: Speelman, bovengeleght sullen werden gecongratuleert
2604 3086 3135 3260 sin d:' E„s Vaden
290 3132 2573 3275 ende de Raaden Extraordinarij, jn alsulcke occagie mede
2572 3218 3128 3331 en sulk Geval met 5:
287 3242 1756 3422 iet 3 Chergies. en 5 Canonschoten.
2539 3283 2953 3406 Canonschoten
184 3356 2242 3570 Batavia jnt Casteel datum als boven
2157 3559 2719 3759 Tanodehis
2054 3772 3093 4018 W: Van Duflroore
2667 3913 3037 4059 e Rli
2061 4032 2851 4220 Janhamkhuiji
2271 4484 2388 4553 d
