2906 4587
12 8 88 121 8
2330 53 2512 254 1
28 126 218 296 290
2379 346 2505 483 1
3 535 2603 765 tatenna den 1950: merr gegeven, omme des nogh onsenetensie den
4 712 426 811 ien de Compag=s in
478 736 2136 888 196 l: tatas Ao 1612: door gemnabal
1 776 429 908 alen affgedrongen
495 876 1974 1042 de Compag:s geweedelijck afgeverst
448 982 2505 1171 mogen afstaen, nu wederom is; en blijf os
447 1173 2661 1337 sulop die pretentie mogh hur niet desestae bchoeft: of
461 1289 2850 1486 wert gestelt, om op doen sdende wijse weder de ons;
469 1463 2652 1630 quarant te geraccken Hoewel best gevonee weet
-2 1430 393 1607 orees Ja
-17 1581 362 1674 beloop te laaten
0 1642 482 1742 n egter aen't Mogolse
502 1608 2654 1814 het voor Eerst nogh soo wel wat op sijn beloop te saal
6 1709 466 1851 levendigh te houden
470 1725 2672 1973 en Egheersomtijts de maninge met discretie bevendigh
447 1870 2762 2077 te houden, omme niet vergeten te werden, gelyckmede
479 2028 2632 2253 verstaen is, dat van alle de ongeeden, die in de Hofge
-19 2085 415 2252 elden derhoffze
-4 2211 453 2316 ndinge van bacheus
463 2183 2804 2398 besendinge van den Coopman Joon: bacherus sijn gegasteerd
-6 2286 371 2394 agra. apart te
-18 2358 224 2468 ificeren
467 2301 2535 2533 een pertinente specificatie gemaeckt, en Berwaerts
473 2478 2696 2684 gesonden sal moeten worden, omme of wij deeniget tijdt
454 2627 2700 2852 oons beraden wierden, dat van een geneduele testicntie
470 2819 2754 3000 te pretenderenimaer sal oock den directeur, en Hald
0 2828 441 2977 emportante saken
-5 2948 372 3040 n voortaen uijt
461 2964 2780 3124 in buratta werden aengeschepen, da alhoee halgedatne
-11 3005 441 3106 itta eerst na batavia
-4 3075 405 3156 en werden bekent
393 3114 491 3225 —
1 3129 413 3222 aakt alvorens die
468 3071 2695 3297 voorstel bij missive van 26:' Januarij deses daers van dat
8 3192 440 3289 Heeren Meesters —
2 3258 272 3387 te dragen
458 3260 2706 3408 aende Ed: H=r Ro17 in't patna geschieven, (omme
469 3374 2677 3573 door het beslaen van des mogels schepen, die daerlijcx met
476 3519 2711 3721 groote Capiteelen naer meesaen Eeders vaeren, te beter
470 3681 2756 3883 aende voldoeninge van voorseijde 196 l: todias te geraken)
467 3873 2712 4043 wel voor niet ongesondeert wert gehouden, Sulcx Eghter
474 3982 2670 4187 alvotens aende Hooge tegering alhier hadde behooren de
2444 4182 2648 4353 sijn
