3074 4746
36 22 240 151 228.
111 187 424 345 208.
650 528 3085 726 van Ehrilon, sonder nader beright van nieuwe agmatinees
651 684 2979 829 geretourneert wesen, dogh dat alleen het jagtje de
-1 675 629 837 latende Alleen t Jaghie
28 796 592 912 de smit nogh een wijle
639 800 2982 935 smits om redenen, nogh een wijle tijts, tot nader ordre
33 873 624 1007 Voor Inbermaije bruijssen
638 907 2886 1065 voor Jndermaijoe, zal verblijven. Ende den
19 986 580 1154 en denluijt: Tochun
639 1065 2858 1180 Luijtenant Jochem michielez, met 35: â 40: soo —
4 1121 612 1199 Michielsz mit 40 a 50.
19 1182 497 1289 man telande nae
638 1169 2827 1332 nederlantsen als jnlandse zoedaten, nevens 4: a 5:
8 1235 573 1365 Sammadang Opgaen
641 1263 2869 1464 Mlatrosen, te Lande na Samadangh, op gaen tot
636 1385 2935 1546 adsistentie van den Pangiran, tegen de Cheriboaders
646 1478 2933 1670 en welcke pangaan dan oock, daer nevens op zijnden
11 1530 630 1687 de Laargiran van samadang
16 1652 536 1742 om Sijn stant Vas te
630 1642 2920 1792 gelant Marta Wangzal ernstigh aensoudenn
33 1716 618 1816 trouwe met 4. stuckjes
15 1781 605 1871 en 10 nusquittit ti
638 1710 2928 1887 met 6 stuckjens ijser Canon, en 70 stx: musqquetten
357 1848 418 1932 —
16 1845 384 1977 Accomoderen
607 1866 2849 2048 sal werden geadsisteert. na dien den selven sigh tot
624 1965 2860 2178 nogh toe, jegens de Bantamners, als Beribouse
621 2086 2895 2280 vijanden, voor zijnen heer den Sousouhounangs, als
620 2204 2900 2383 vrij stantvastigh schijnt te hebben gedragen met
627 2313 3086 2508 Intentie dat geleyde onsen, t uytenant Jochum Mlichielss
9 2283 602 2468 Dan Luije Johen Jan
29 2426 583 2542 Sammadang 500br
624 2412 2952 2608 dan verder van Samadangh, na Canjongs poura
19 2489 584 2598 Canjingpoura t0 Lateen
16 2558 575 2664 Herwarts Comen te
615 2539 2972 2711 zal afmarckeren, om daer onder wegen met eenen
44 2632 248 2726 lande
619 2682 2945 2821 onse faccatrase lumiten, en aengrensende gebuerlanden
610 2754 2923 2939 tot der maijoe, toe, van alle stropers, en andere.
609 2844 2204 3043 geboefte na vermogen te suijveren;
594 3066 2917 3271 gesproken zijnde van het tractement der Inlander„
592 3245 2942 3387 officieren, en zoedaten, die nu met den Heere Burdt
596 3365 2994 3514 na Japare afgaen, en bestaen jn 699: koppen verdeelt
605 3447 1970 3592 jn Compagnen als te weten,
501 3522 1894 3725 114. Malejers jn een Comp:e
484 3706 669 3824 200.
667 3710 1993 3836 Daleijers; jn twee Comp:s en
441 3786 1781 3956 385. Javanen in vier Comp:e
605 3902 1301 4072 behalven nogh
506 4039 2088 4206 171. Mardyckers mede jn E Comp:s
4 4045 520 4209 de Inlandse falijers. en
15 4171 580 4261 Malejirl nu na Japars
25 4224 590 4315 Jaende 6e Jagiere 1745
615 4159 2854 4343 dewelcke jnt gemeen yder een tractement van drie
24 4285 586 4407 ot 3. Rs: termae
2887 4294 2963 4370 her
2645 4322 2947 4488 uijcxd:
