3123 4640
-1 398 96 532 5
13 56 139 176 1s
37 277 170 368 50
2841 44 3028 165 101
2808 195 2989 370 101
249 442 2584 601 op te komen ende niet na het Daderlandt vertrecken
232 565 2479 696 G:n gagie tot nader emploij sal stil staen. ende dat
231 662 2509 825 tsigs jnde expeditie onder gem:te E:o Heere speelman
244 772 2500 892 als nadersant nu eenigen tijt alhier op onse zecretarije
240 865 2339 999 iverigh githoont, en met zijnen dienst genoegen
2494 869 3135 1035 den Coopman danilgoed
236 955 2521 1127 de geven heeft, soo is op goede jnligsten goetgevonden
2534 982 3105 1112 zijn vojt hien affgesz
2529 1070 3048 1179 gagie op Ceijlon tot
233 1058 3070 1275 hem de voorgespecificeerde agster stallige gagie le4. weder Goette
2521 1201 2638 1311 doen
247 1189 2515 1354 ter somma van driehondert vieren vijfftigh guldens
243 1252 2498 1461 dert hien stuijvers en vijff penningen gunstelijck te laten
235 1384 1320 1543 valideren, en goet doen.
220 1493 2453 1694 e Cadien er van Sumatras Bestcust omme
2403 1615 2459 1688 E
2498 1578 3062 1725 den Onder Coopman
194 1646 2489 1798 eenige bequame pennisten wert versogst, ende dat
2512 1683 3069 1803 Cornelis de bries met
226 1713 3007 1844 den ondercoopman Cornelis de Dries zijn dinst zijn voup naer de
2478 1834 3082 1956 Vijstcust te gaen, om
229 1878 2409 2000 aenbiedt, om met zijn vrouw, en fanticie om emploij
2609 1895 2870 2019 preploij —
2387 1923 2478 2000 —
222 1950 2569 2120 derwaerts te vertrecken, is hem sulcks geaccordeert
233 2076 2479 2242 om gebruijckt te werden daer en soo hij de Comp:ten
221 2167 1576 2323 den meesten dienst kan doen.
207 2301 2398 2517 Petronella kuijs weduwe vanden ondercoopman
2377 2351 3086 2507 Schonele Kuijs Vod:
2473 2486 3030 2577 van gerritgroen, het
244 2477 2375 2595 geurit groen, bij request doende te kennen geven
2454 2534 3063 2651 Caisitie van Nepudium
218 2543 2449 2705 dat zij naden doot van voorshreven haeren man
2483 2608 2870 2734 geaccordeert
242 2672 2410 2788 aenstonts afstant vanden Hoedel heeft gedaen om
246 2776 2446 2893 vande Crediteuren, ongemoletteert te blijven, en der
237 2862 2468 3022 halven als nu versoeckende te mogen genieten het
219 2984 2457 3115 benefitie van repudium. soo is verstaen haer het
232 3089 2537 3208 selve versoeck toe te staen, met committius aenden
237 3202 2234 3355 aghtbaren raadt van Iustitie deses Casteels.
276 3339 2522 3509 omme dese vergaderingh wat te ontlasten vanden
247 3484 2507 3615 gestadigen aenloop, van't gemene volck als zoedaten
3007 3541 3067 3603 e
2525 3540 3102 3699 H„o tujs gecommitt=s
242 3589 2362 3698 ingtrosen &:o is althans nodigh en dienstigh geaght
2462 3655 3083 3757 om ide de muijoor. en
1072 3676 1899 3751 t soldijcomir Jaan. Lamphun
232 3681 2317 3848 d'E S Commissars overde verstackingen van uijt ons Collegie te
2451 3720 3075 3825 Equpagiom: de cleene
2451 3781 3129 3913 Briteutien en oeteringen
236 3808 2444 3942 committeren omme eenmael des wercks, met den :
2499 3846 2792 3960 afft doen
233 3897 2468 4005 Wlajoor, de militaire, en met den quippagiemeester
154 3981 2375 4143 de zeevarende versoecken. en voorvallen aen te horen
2257 4123 2483 4240 ende
