3114 4639
2891 -12 3072 111 81
2865 108 2992 252 31
392 366 576 595 1
571 399 2232 638 Tijdagh 8: April 1678:
566 1077 2493 1273 Egenerale missive door onse principalen dEd=le
2445 1179 3124 1347 ontfange Generale missive
198 1232 2211 1378 Heeren, gecommitteerde De winthebberen, ter
2466 1310 3078 1413 der Heeren ij6
2451 1366 3070 1491 Veranderingh in de Hoogs
263 1392 2359 1522 vergaderingh van seventhiene jn dato 18:' October
2478 1443 3003 1596 Wegeringe van India
261 1469 2302 1643 1677: aen de vergaderingh geschreven, ons heden
267 1575 2365 1734 morgen, door de schipper van tot gallot de Euoeper
256 1701 2465 1866 zijnde ter handt gestelt, ende daer jn gelesen, de ver¬
266 1810 2290 1997 anderingh die wel gtemelte onse Heeren meesteren
278 1949 2468 2122 hebben gelieven, te maecken jnde Hooge regeringe
2492 2046 3124 2190 de geeligeerde faden Ext:s
258 2091 2489 2199 van Indic. soo heeft d' Ed: Hr. gouverneur gener:
2494 2158 3125 2254 van Outhoorn Camphuijs
2483 2222 3095 2332 Wits, en Voben, bij d’ H:
259 2164 2462 2371 na de middagh bij sigs ontboden den E: Willem
2591 2268 3046 2399 denerael ontboden
279 2295 2468 2449 van Juthoorn, ontfanger generael, den secretaris
268 2421 2449 2614 desen vergaderingh. Ioan:s Comphuijs, den _:
284 2588 2266 2733 Jacob Jorisz Pits, op designeert Gouverneur
274 2722 2511 2855 van Malacca, ende den E: Constantin Hobel
276 2825 2517 2970 oppercoopman deses Casteels, Jaer bekent maeckende
272 2900 2453 3083 hunne verkiesingh tot Raaden Extraordnaris
262 3041 2548 3237 van India. met serieuse recommandatie om gesament„
239 3172 2496 3294 lijck, ende elck jnt bijsonder; alle debroren aente
267 3310 2511 3471 wenden. tot het welvaeren, ende den waeren dienst
2564 3399 3048 3517 acce die functie met
267 3404 2567 3593 van d’ E Comp:s gelijck haer E:o dan oock belooft. J=o
2500 3489 3028 3602 genegenthuijt Hebben
2507 3560 2877 3695 aengenomen
279 3517 2363 3673 en net genegentheijt aengenomen hebben, sulcks
272 3639 2541 3809 everigh te behertigen, mitsgaders daer toe te sullen
268 3735 2545 3933 emploijeren alle haer vermogen, en kennisse sodanigs
266 3872 2455 4069 als danckbaere en getrouwe dienaeren toestaet
2185 4017 2472 4174 ende
