3018 4619
21 33 223 156 212
2022 56 2112 268 1
46 166 245 332 218
681 514 2995 682 alhier ten dienste van de generdie Comp:s te disponeven
685 781 2813 992 En vermits het fluijtie Marcken, op 4:e April
666 969 2878 1097 jangse van 11lagulipatnam, na herwaerts gedepesiheert.
663 1058 2951 1248 tegens, de oude ordre zynen wegh, genomen zest over
639 1184 2938 1360 Malacca t welck niet onder suspitie wert gesonden,
655 1347 2907 1468 van't overgeven eeniger particuliere goederen 't zij
642 1412 2926 1550 aen Dngdingh op Malacca; elders jndestraet
636 1551 2910 1719 Banca, ofte aende vertreckende Iapansetschepen
641 1632 2951 1815 &„t om alsoo voor ’t aenhaelen, der fiscaels alhier bevrijdt
17 1660 574 1861 Geenschepen sullen
10 1762 2970 1913 voortaen van Cormendel te wesen is met eenen Expres verstaen, dat voortaen
41 1882 661 1982 de Reijse Herwarts mogen
652 1901 2882 2058 geen schepen, van Cormandel, door de straat van
23 1938 621 2072 Peemen Over Mialacta
624 1996 2887 2187 Malacca, sullen vermogen de reijse herwaerts te
639 2102 2894 2283 doen, dan bij verloop des tijts, ofte zoogedringende
9 2097 572 2337 van bij Hooge Vloodt
637 2229 2772 2421 noods, daer van de schippers, jnhilet geval, op
635 2338 2887 2520 swaere straffe, reeckeningh sullen moeten geven
641 2475 2875 2658 en exenwel geen adel plaetsen, op de Destcust
11 2514 658 2678 en soo mede met de Westbust
627 2587 2751 2743 van Tinnatra; aenlopen ten zij, de nootsaacke
12 2641 616 2760 Van Suiatie aen loopen
625 2711 2584 2890 sulcks almede quanme tefver eijsschen.
20 2951 2780 3169 Overgeleverd hemoudnde wijders goetgevonden seeckere Memorie
21 3094 658 3216 Van nJ H: Davilioen, Wegens
633 3097 2833 3276 door den Heer out Extraordmaris raadt van
14 3158 515 3266 Comp:s braken op
11 3227 391 3330 andl
623 3222 2806 3363 Jndia, en gouverneur van Cormandel Anthomo
620 3343 2818 3521 ppavilioen; den 10e: des afgeweken maents, aen
622 3431 2658 3609 ons alhier doen overleveren, raeckende de
631 3524 2891 3747 bestieringe van Comp: saecken; jn dat Gouverneur
624 3675 2884 3844 de welcke na aendagstige resumptie van bijsondere
1 3704 535 3876 bevenbonke meder
625 3822 2823 3947 consideratie, en veel goede oude ordres, voor de
-3 3834 616 3974 Verklaringe op d belvo
904 3884 1173 3982 dienstigh
637 3925 2904 4090 Comp:s tot naright werde bevonden, en van ponct
628 4030 2976 4192 tot pact oock nader met onse Intentie zij verklaert.
2529 4176 2665 4331 it
