<?xml version="1.0" encoding="UTF-8" standalone="yes"?>
<PcGts xmlns="http://schema.primaresearch.org/PAGE/gts/pagecontent/2013-07-15" xmlns:xsi="http://www.w3.org/2001/XMLSchema-instance" xsi:schemaLocation="http://schema.primaresearch.org/PAGE/gts/pagecontent/2013-07-15 http://schema.primaresearch.org/PAGE/gts/pagecontent/2013-07-15/pagecontent.xsd">
    <Metadata>
        <Creator>prov=University of Rostock/Institute of Mathematics/CITlab|PLANET AI GmbH/Gundram Leifert/gundram.leifert@planet-ai.de:name=Dutch Mountains (18th Century)(htr_id=21683)::::v=2.6.6
prov=University of Rostock/Institute of Mathematics/CITlab|PLANET AI GmbH/Tobias Gruening/tobias.gruening@planet-ai.de:name=de.uros.citlab.module.baseline2polygon.B2PSeamMultiOriented:v=2.6.6
prov=University of Rostock/Institute of Mathematics/CITlab|PLANET AI GmbH/Tobias Gruening/tobias.gruening@planet-ai.de:name=/net_tf/LA73_249_0mod360.pb:de.uros.citlab.segmentation.CITlab_LA_ML:v=2.6.6
Transkribus</Creator>
        <Created>2020-09-07T17:36:52.796+07:00</Created>
        <LastChange>2020-09-07T15:51:34.620+02:00</LastChange>
        <TranskribusMetadata docId="471980" pageId="19528259" pageNr="121" tsid="39441309" status="IN_PROGRESS" userId="15017" imgUrl="https://files.transkribus.eu/Get?id=ZRUREVTMQUBBFWQRMRYUZCZK&amp;fileType=view" xmlUrl="https://files.transkribus.eu/Get?id=TGGOCOPIWQQXFZZFEVBBPBEW" imageId="15088096"/>
    </Metadata>
    <Page imageFilename="ID-ANRI_K66a_890_121.jpg" imageWidth="3189" imageHeight="4723">
        <ReadingOrder>
            <OrderedGroup id="ro_1620456098050" caption="Regions reading order">
                <RegionRefIndexed index="0" regionRef="r1"/>
                <RegionRefIndexed index="1" regionRef="r2"/>
                <RegionRefIndexed index="2" regionRef="r3"/>
                <RegionRefIndexed index="3" regionRef="r4"/>
            </OrderedGroup>
        </ReadingOrder>
        <TextRegion orientation="0.0" id="r1" custom="readingOrder {index:0;}">
            <Coords points="57,4466 57,4619 90,4619 90,4466"/>
            <TextLine id="r1l1" custom="readingOrder {index:0;}">
                <Coords points="46,4604 63,4603 68,4596 77,4596 90,4606 107,4604 94,4463 67,4462 49,4450 31,4451"/>
                <Baseline points="57,4569 90,4566"/>
                <TextEquiv>
                    <Unicode>1</Unicode>
                </TextEquiv>
            </TextLine>
            <TextEquiv>
                <Unicode>1</Unicode>
            </TextEquiv>
        </TextRegion>
        <TextRegion orientation="0.0" id="r2" custom="readingOrder {index:1;}">
            <Coords points="89,410 89,566 123,566 123,410"/>
            <TextLine id="r2l1" custom="readingOrder {index:0;}">
                <Coords points="74,514 92,517 99,525 111,527 124,517 138,520 149,457 132,454 128,447 122,446 105,455 85,451"/>
                <Baseline points="89,510 123,516"/>
                <TextEquiv>
                    <Unicode></Unicode>
                </TextEquiv>
            </TextLine>
            <TextEquiv>
                <Unicode></Unicode>
            </TextEquiv>
        </TextRegion>
        <TextRegion orientation="0.0" id="r3" custom="readingOrder {index:2;}">
            <Coords points="123,805 123,958 174,958 174,805"/>
            <TextLine id="r3l1" custom="readingOrder {index:0;}">
                <Coords points="108,920 132,922 138,916 152,917 163,927 187,925 194,801 133,800 116,796"/>
                <Baseline points="123,905 148,906 174,908"/>
                <TextEquiv>
                    <Unicode>—</Unicode>
                </TextEquiv>
            </TextLine>
            <TextEquiv>
                <Unicode>—</Unicode>
            </TextEquiv>
        </TextRegion>
        <TextRegion orientation="0.0" id="r4" custom="readingOrder {index:3;}">
            <Coords points="162,82 162,4591 3141,4591 3141,82"/>
            <TextLine id="r4l1" custom="readingOrder {index:0;}">
                <Coords points="2891,158 2954,172 2973,159 3017,156 3048,162 3073,187 3104,198 3114,65 3072,47 3042,59 3017,34 2988,44 2963,21 2901,31"/>
                <Baseline points="2909,126 2935,130 2961,132 2987,135 3014,136 3040,137 3066,139 3093,143"/>
                <TextEquiv>
                    <Unicode>121</Unicode>
                </TextEquiv>
            </TextLine>
            <TextLine id="r4l2" custom="readingOrder {index:1;}">
                <Coords points="2898,312 2944,308 2976,325 3008,317 3037,325 3043,185 3029,185 2999,201 2976,197 2951,169 2940,172 2905,161"/>
                <Baseline points="2913,287 2940,290 2968,292 2995,294 3023,291"/>
                <TextEquiv>
                    <Unicode>31</Unicode>
                </TextEquiv>
            </TextLine>
            <TextLine id="r4l3" custom="readingOrder {index:2;}">
                <Coords points="415,407 436,407 441,401 459,401 459,299 444,299 436,305 433,302 415,302"/>
                <Baseline points="429,392 444,392"/>
                <TextEquiv>
                    <Unicode></Unicode>
                </TextEquiv>
            </TextLine>
            <TextLine id="r4l4" custom="readingOrder {index:3;}">
                <Coords points="341,564 2293,586 2339,473 2174,435 1837,516 1654,451 1541,506 1309,433 742,495 594,434 341,512"/>
                <Baseline points="356,555 454,557 552,557 651,557 749,557 848,558 946,558 1044,558 1143,558 1241,558 1340,558 1438,558 1536,560 1635,560 1733,560 1832,560 1930,560 2028,560 2127,561 2225,561 2324,561"/>
                <TextEquiv>
                    <Unicode>en dewijle de tijt weder op handen schiet, om de</Unicode>
                </TextEquiv>
            </TextLine>
            <TextLine id="r4l5" custom="readingOrder {index:4;}">
                <Coords points="147,672 2499,663 2447,581 147,587"/>
                <Baseline points="162,638 278,639 394,642 510,644 626,645 742,647 858,648 974,650 1090,650 1206,651 1323,651 1439,653 1555,653 1671,653 1787,653 1903,653 2019,653 2135,653 2251,653 2367,653 2484,653"/>
                <TextEquiv>
                    <Unicode>e. besendinge te doen, naer de Cust van china, soo is voor</Unicode>
                </TextEquiv>
            </TextLine>
            <TextLine id="r4l6" custom="readingOrder {index:5;}">
                <Coords points="289,739 433,796 620,732 2426,760 2410,664 290,655"/>
                <Baseline points="303,729 408,731 513,732 619,734 724,735 830,737 935,738 1041,741 1146,743 1252,744 1357,747 1462,749 1568,750 1673,752 1779,753 1884,754 1990,755 2095,755 2201,756 2306,755 2412,755"/>
                <TextEquiv>
                    <Unicode>Eerst gemeent dat tot beter obtinue van dien langs</Unicode>
                </TextEquiv>
            </TextLine>
            <TextLine id="r4l7" custom="readingOrder {index:6;}">
                <Coords points="151,784 188,776 229,786 242,777 281,793 310,778 295,707 267,713 247,702 242,706 191,675 172,685 154,683 147,693 133,696"/>
                <Baseline points="164,770 194,761 225,757 256,752 287,740"/>
                <TextEquiv>
                    <Unicode>.</Unicode>
                </TextEquiv>
            </TextLine>
            <TextLine id="r4l8" custom="readingOrder {index:7;}">
                <Coords points="281,878 2220,903 2523,857 2524,773 282,774"/>
                <Baseline points="297,821 407,824 518,827 628,830 739,833 850,836 960,837 1071,840 1182,842 1292,845 1403,846 1514,848 1624,848 1735,849 1846,851 1956,851 2067,852 2178,852 2288,852 2399,852 2510,852"/>
                <TextEquiv>
                    <Unicode>gewenschten handel, voor d’ E Comp:e (waer van sigh na de</Unicode>
                </TextEquiv>
            </TextLine>
            <TextLine id="r4l9" custom="readingOrder {index:8;}">
                <Coords points="287,936 2546,974 2547,905 2306,884 288,869"/>
                <Baseline points="302,921 413,923 525,926 636,928 748,930 859,932 971,935 1082,936 1194,938 1305,939 1417,941 1528,942 1640,942 1751,944 1863,945 1974,947 2086,947 2197,948 2309,950 2420,950 2532,951"/>
                <TextEquiv>
                    <Unicode>laest erlangsde advijsen, weder wat beter hoope van</Unicode>
                </TextEquiv>
            </TextLine>
            <TextLine id="r4l10" custom="readingOrder {index:9;}">
                <Coords points="195,1040 209,1040 218,1048 224,1045 238,1045 238,961 224,961 221,964 195,964"/>
                <Baseline points="210,1028 225,1028"/>
                <TextEquiv>
                    <Unicode></Unicode>
                </TextEquiv>
            </TextLine>
            <TextLine id="r4l11" custom="readingOrder {index:10;}">
                <Coords points="275,1042 2517,1074 2518,975 2439,957 276,946"/>
                <Baseline points="290,1020 400,1022 511,1025 621,1026 732,1028 842,1029 953,1031 1063,1032 1174,1034 1284,1034 1395,1035 1506,1037 1616,1037 1727,1038 1837,1038 1948,1039 2058,1040 2169,1040 2279,1040 2390,1041 2501,1041"/>
                <TextEquiv>
                    <Unicode>succes schijnt op te doen.) wel een gequalificeert hooft</Unicode>
                </TextEquiv>
            </TextLine>
            <TextLine id="r4l12" custom="readingOrder {index:11;}">
                <Coords points="279,1130 2079,1186 2532,1164 2533,1109 280,1045"/>
                <Baseline points="293,1118 404,1121 515,1124 626,1125 737,1127 849,1130 960,1131 1071,1133 1182,1134 1293,1134 1405,1136 1516,1137 1627,1137 1738,1139 1849,1139 1961,1140 2072,1140 2183,1140 2294,1142 2405,1143 2517,1143"/>
                <TextEquiv>
                    <Unicode>en van meer aensien, als den present daer zijnde Coopm:</Unicode>
                </TextEquiv>
            </TextLine>
            <TextLine id="r4l13" custom="readingOrder {index:12;}">
                <Coords points="289,1234 2612,1264 2613,1125 2194,1206 290,1149"/>
                <Baseline points="303,1214 417,1219 532,1223 647,1226 762,1229 876,1232 991,1233 1106,1235 1221,1236 1335,1238 1450,1238 1565,1239 1680,1239 1794,1239 1909,1239 2024,1239 2139,1238 2253,1238 2368,1238 2483,1238 2598,1238"/>
                <TextEquiv>
                    <Unicode>Jacob schagen, zal vereijsschen om het werck jn Hocksieu</Unicode>
                </TextEquiv>
            </TextLine>
            <TextLine id="r4l14" custom="readingOrder {index:13;}">
                <Coords points="267,1344 2431,1356 2431,1280 2246,1246 269,1234"/>
                <Baseline points="281,1311 387,1316 494,1320 601,1323 708,1326 815,1329 921,1331 1028,1334 1135,1335 1242,1337 1349,1338 1455,1339 1562,1340 1669,1340 1776,1340 1883,1340 1989,1340 2096,1338 2203,1338 2310,1337 2417,1335"/>
                <TextEquiv>
                    <Unicode>des mogelijck, eenmael, op een goeden vasterevoet te</Unicode>
                </TextEquiv>
            </TextLine>
            <TextLine id="r4l15" custom="readingOrder {index:14;}">
                <Coords points="2514,1451 2627,1428 2706,1456 2828,1427 2883,1439 2970,1392 3156,1479 3155,1322 3089,1293 3019,1305 2883,1389 2734,1294 2575,1300 2514,1329"/>
                <Baseline points="2529,1428 2559,1428 2590,1428 2620,1427 2651,1427 2682,1425 2712,1425 2743,1424 2773,1422 2804,1422 2835,1421 2865,1421 2896,1421 2926,1421 2957,1421 2988,1422 3018,1423 3049,1425 3079,1428 3110,1430 3141,1434"/>
                <TextEquiv>
                    <Unicode>d' Pardins Gsar</Unicode>
                </TextEquiv>
            </TextLine>
            <TextLine id="r4l16" custom="readingOrder {index:15;}">
                <Coords points="280,1454 1964,1507 2510,1444 2511,1322 2165,1404 281,1344"/>
                <Baseline points="296,1424 411,1425 527,1427 643,1428 758,1430 874,1432 990,1434 1106,1436 1221,1437 1337,1439 1453,1440 1569,1442 1684,1442 1800,1442 1916,1442 2032,1442 2147,1440 2263,1439 2379,1437 2495,1434"/>
                <TextEquiv>
                    <Unicode>brengen; en waer toe dan goetgevonden zij te nomineren</Unicode>
                </TextEquiv>
            </TextLine>
            <TextLine id="r4l17" custom="readingOrder {index:16;}">
                <Coords points="2504,1507 2597,1489 2620,1512 2661,1498 2690,1515 2745,1486 2786,1506 2992,1488 3114,1502 3114,1450 2971,1392 2890,1445 2829,1427 2707,1457 2579,1428 2504,1449"/>
                <Baseline points="2517,1493 2546,1491 2575,1491 2604,1490 2633,1489 2662,1488 2691,1487 2720,1487 2749,1487 2778,1486 2808,1485 2837,1485 2866,1485 2895,1485 2924,1487 2953,1487 2982,1487 3011,1488 3040,1490 3069,1491 3099,1493"/>
                <TextEquiv>
                    <Unicode>als Commandeur: ten</Unicode>
                </TextEquiv>
            </TextLine>
            <TextLine id="r4l18" custom="readingOrder {index:17;}">
                <Coords points="3098,1508 3112,1510 3117,1517 3123,1518 3129,1513 3144,1516 3151,1476 3125,1471 3119,1473 3104,1471"/>
                <Baseline points="3114,1496 3132,1499"/>
                <TextEquiv>
                    <Unicode></Unicode>
                </TextEquiv>
            </TextLine>
            <TextLine id="r4l19" custom="readingOrder {index:18;}">
                <Coords points="266,1539 1924,1605 2418,1569 2477,1485 267,1446"/>
                <Baseline points="281,1527 390,1530 499,1532 608,1533 717,1536 826,1538 935,1539 1044,1541 1153,1542 1262,1544 1372,1545 1481,1547 1590,1547 1699,1548 1808,1548 1917,1550 2026,1550 2135,1550 2244,1548 2353,1548 2463,1547"/>
                <TextEquiv>
                    <Unicode>den E: Martinus Casar; van wiens capaciteijt en</Unicode>
                </TextEquiv>
            </TextLine>
            <TextLine id="r4l20" custom="readingOrder {index:19;}">
                <Coords points="2527,1559 2637,1548 2736,1572 2771,1555 2829,1579 2898,1568 2953,1589 3070,1541 3070,1503 3001,1488 2954,1508 2832,1495 2789,1509 2745,1485 2701,1511 2658,1496 2632,1516 2597,1490 2527,1498"/>
                <Baseline points="2540,1550 2565,1548 2591,1547 2617,1547 2643,1547 2669,1547 2694,1547 2720,1547 2746,1548 2772,1548 2798,1550 2823,1550 2849,1550 2875,1551 2901,1551 2927,1551 2952,1551 2978,1551 3004,1551 3030,1550 3056,1550"/>
                <TextEquiv>
                    <Unicode>Commissaris Over de</Unicode>
                </TextEquiv>
            </TextLine>
            <TextLine id="r4l21" custom="readingOrder {index:20;}">
                <Coords points="2548,1619 2661,1640 2742,1626 2792,1659 2835,1633 2934,1645 3015,1628 3070,1652 3152,1632 3152,1545 3051,1541 3016,1570 2961,1555 2920,1587 2897,1566 2841,1581 2769,1560 2711,1574 2676,1550 2548,1555"/>
                <Baseline points="2561,1616 2589,1616 2618,1616 2647,1616 2676,1616 2705,1617 2733,1617 2762,1617 2791,1617 2820,1618 2849,1619 2877,1619 2906,1619 2935,1619 2964,1619 2993,1619 3021,1619 3050,1619 3079,1619 3108,1619 3137,1617"/>
                <TextEquiv>
                    <Unicode>besendinge naer china</Unicode>
                </TextEquiv>
            </TextLine>
            <TextLine id="r4l22" custom="readingOrder {index:21;}">
                <Coords points="255,1685 523,1621 2515,1668 2516,1567 2444,1557 257,1571"/>
                <Baseline points="270,1625 381,1625 493,1626 604,1626 716,1628 828,1629 939,1630 1051,1632 1162,1634 1274,1635 1386,1637 1497,1638 1609,1640 1720,1641 1832,1643 1944,1644 2055,1646 2167,1647 2278,1647 2390,1647 2502,1649"/>
                <TextEquiv>
                    <Unicode>goede condiuicte omtrent die fastidieuse natien wij ons</Unicode>
                </TextEquiv>
            </TextLine>
            <TextLine id="r4l23" custom="readingOrder {index:22;}">
                <Coords points="2538,1739 2561,1737 2599,1712 2614,1718 2631,1701 2649,1707 2672,1701 2686,1710 2704,1702 2713,1708 2748,1703 2749,1633 2694,1626 2659,1646 2639,1628 2610,1636 2558,1612 2540,1612"/>
                <Baseline points="2552,1683 2577,1683 2603,1683 2629,1685 2655,1685 2681,1686 2707,1686 2733,1685"/>
                <TextEquiv>
                    <Unicode>Gestelt</Unicode>
                </TextEquiv>
            </TextLine>
            <TextLine id="r4l24" custom="readingOrder {index:23;}">
                <Coords points="285,1747 2420,1779 2545,1768 2546,1640 2138,1707 286,1672"/>
                <Baseline points="300,1725 411,1728 522,1730 634,1731 745,1733 857,1734 968,1734 1080,1736 1191,1737 1303,1737 1414,1737 1525,1739 1637,1739 1748,1740 1860,1740 1971,1742 2083,1742 2194,1743 2306,1743 2417,1745 2529,1746"/>
                <TextEquiv>
                    <Unicode>konnen gerust stellen) en dat onder de Haracter van</Unicode>
                </TextEquiv>
            </TextLine>
            <TextLine id="r4l25" custom="readingOrder {index:24;}">
                <Coords points="300,1852 2507,1878 2481,1765 301,1751"/>
                <Baseline points="314,1829 422,1832 531,1835 640,1838 749,1839 858,1840 967,1841 1076,1841 1185,1842 1294,1842 1403,1842 1511,1842 1620,1842 1729,1844 1838,1844 1947,1845 2056,1847 2165,1849 2274,1851 2383,1855 2492,1859"/>
                <TextEquiv>
                    <Unicode>Commandeur en Commissaris, als hebbende zijn E:</Unicode>
                </TextEquiv>
            </TextLine>
            <TextLine id="r4l26" custom="readingOrder {index:25;}">
                <Coords points="290,1943 2517,1958 2517,1865 290,1861"/>
                <Baseline points="305,1938 414,1940 524,1941 634,1943 744,1943 854,1944 964,1944 1073,1943 1183,1943 1293,1943 1403,1941 1513,1941 1623,1941 1733,1941 1842,1940 1952,1941 2062,1941 2172,1941 2282,1943 2392,1944 2502,1947"/>
                <TextEquiv>
                    <Unicode>bevorens drie maelen, het opperhooftschap van Iapan</Unicode>
                </TextEquiv>
            </TextLine>
            <TextLine id="r4l27" custom="readingOrder {index:26;}">
                <Coords points="294,2057 2451,2083 2535,2065 2536,1978 294,1958"/>
                <Baseline points="308,2022 418,2027 529,2031 640,2034 750,2037 861,2039 972,2040 1082,2040 1193,2040 1304,2040 1415,2040 1525,2039 1636,2039 1747,2037 1857,2037 1968,2036 2079,2036 2189,2036 2300,2037 2411,2037 2522,2040"/>
                <TextEquiv>
                    <Unicode>tot ons genoegen bedient, en zedert jnden Aostbaeren</Unicode>
                </TextEquiv>
            </TextLine>
            <TextLine id="r4l28" custom="readingOrder {index:27;}">
                <Coords points="298,2129 902,2195 983,2135 2569,2137 2502,2055 298,2054"/>
                <Baseline points="314,2118 426,2121 538,2125 650,2127 762,2130 874,2132 986,2133 1098,2135 1210,2135 1322,2136 1434,2136 1546,2136 1658,2136 1770,2135 1882,2135 1994,2133 2106,2133 2218,2132 2330,2130 2442,2130 2555,2129"/>
                <TextEquiv>
                    <Unicode>raadt van sustitie deses Casteels, met goede reputatie</Unicode>
                </TextEquiv>
            </TextLine>
            <TextLine id="r4l29" custom="readingOrder {index:28;}">
                <Coords points="282,2272 399,2225 582,2257 698,2226 849,2255 957,2224 1090,2270 1189,2248 1190,2138 958,2158 891,2133 760,2178 592,2126 284,2145"/>
                <Baseline points="299,2208 342,2211 386,2212 430,2213 474,2216 518,2216 561,2216 605,2217 649,2217 693,2217 737,2217 780,2218 824,2219 868,2219 912,2219 956,2220 999,2220 1043,2222 1087,2223 1131,2225 1175,2228"/>
                <TextEquiv>
                    <Unicode>gebruijckt geweest.</Unicode>
                </TextEquiv>
            </TextLine>
            <TextLine id="r4l30" custom="readingOrder {index:29;}">
                <Coords points="300,2382 2449,2378 2080,2243 1630,2242 1461,2323 1229,2250 1026,2311 916,2241 576,2252 468,2330 300,2277"/>
                <Baseline points="314,2370 425,2369 537,2369 648,2369 760,2370 871,2370 983,2370 1094,2372 1206,2372 1317,2372 1429,2373 1540,2373 1652,2373 1763,2375 1875,2375 1986,2373 2098,2373 2209,2372 2321,2372 2433,2370"/>
                <TextEquiv>
                    <Unicode>tot overbrengs van eenige expres nodige preadvijsen</Unicode>
                </TextEquiv>
            </TextLine>
            <TextLine id="r4l31" custom="readingOrder {index:30;}">
                <Coords points="2434,2391 2451,2394 2464,2384 2470,2385 2477,2380 2484,2387 2504,2391 2515,2328 2498,2322 2486,2326 2474,2324 2446,2316"/>
                <Baseline points="2451,2372 2493,2379"/>
                <TextEquiv>
                    <Unicode>—</Unicode>
                </TextEquiv>
            </TextLine>
            <TextLine id="r4l32" custom="readingOrder {index:31;}">
                <Coords points="2513,2399 2566,2391 2597,2424 2690,2407 2713,2428 2818,2409 2879,2425 3134,2414 3135,2350 3028,2357 2964,2321 2918,2350 2889,2320 2807,2334 2750,2307 2590,2322 2515,2292"/>
                <Baseline points="2529,2385 2558,2390 2588,2393 2617,2396 2647,2399 2676,2400 2706,2402 2735,2402 2765,2402 2794,2402 2824,2402 2853,2402 2883,2402 2912,2402 2942,2401 2971,2400 3001,2400 3030,2400 3060,2400 3089,2402 3119,2402"/>
                <TextEquiv>
                    <Unicode>'t Galliot de Snobber tot</Unicode>
                </TextEquiv>
            </TextLine>
            <TextLine id="r4l33" custom="readingOrder {index:32;}">
                <Coords points="2536,2468 2803,2483 2829,2466 2962,2504 3009,2469 3073,2467 3073,2426 3035,2414 2939,2414 2922,2431 2847,2408 2736,2425 2690,2407 2661,2422 2536,2418"/>
                <Baseline points="2549,2459 2574,2460 2599,2460 2625,2460 2650,2462 2676,2462 2701,2462 2726,2462 2752,2463 2777,2463 2803,2463 2828,2463 2853,2463 2879,2463 2904,2463 2930,2463 2955,2462 2980,2462 3006,2462 3031,2461 3057,2460"/>
                <TextEquiv>
                    <Unicode>overbrengh eenige</Unicode>
                </TextEquiv>
            </TextLine>
            <TextLine id="r4l34" custom="readingOrder {index:33;}">
                <Coords points="229,2509 505,2454 2078,2520 2485,2466 2485,2385 229,2434"/>
                <Baseline points="242,2459 353,2459 465,2460 576,2460 688,2462 799,2462 911,2462 1022,2463 1134,2463 1245,2463 1357,2464 1468,2465 1580,2465 1691,2465 1803,2465 1914,2463 2026,2463 2137,2463 2249,2462 2360,2462 2472,2460"/>
                <TextEquiv>
                    <Unicode>naer Ceijlon is goetgevonden der waerts aftezenden</Unicode>
                </TextEquiv>
            </TextLine>
            <TextLine id="r4l35" custom="readingOrder {index:34;}">
                <Coords points="2508,2539 2616,2529 2766,2561 2799,2535 3022,2563 3098,2532 3099,2474 2965,2501 2922,2480 2866,2493 2826,2469 2559,2473 2510,2440"/>
                <Baseline points="2523,2520 2551,2523 2579,2525 2607,2526 2635,2528 2663,2529 2691,2529 2719,2531 2747,2531 2775,2531 2803,2531 2831,2531 2859,2532 2887,2532 2915,2532 2943,2532 2971,2532 2999,2533 3027,2534 3055,2534 3083,2535"/>
                <TextEquiv>
                    <Unicode>nodige praadvisen nae</Unicode>
                </TextEquiv>
            </TextLine>
            <TextLine id="r4l36" custom="readingOrder {index:35;}">
                <Coords points="290,2606 1855,2556 2302,2616 2444,2576 2445,2500 290,2484"/>
                <Baseline points="303,2553 409,2553 515,2555 621,2555 728,2556 834,2556 940,2558 1047,2558 1153,2559 1259,2559 1366,2561 1472,2561 1578,2561 1684,2561 1791,2561 1897,2561 2003,2561 2110,2561 2216,2561 2322,2559 2429,2559"/>
                <TextEquiv>
                    <Unicode>het sndige galpot de snobber en't selve ten eersten</Unicode>
                </TextEquiv>
            </TextLine>
            <TextLine id="r4l37" custom="readingOrder {index:36;}">
                <Coords points="2522,2654 2610,2655 2712,2606 2749,2636 2866,2614 2894,2634 2929,2620 3008,2644 3008,2563 2974,2551 2831,2555 2797,2535 2753,2566 2643,2530 2524,2541"/>
                <Baseline points="2537,2598 2562,2600 2587,2601 2613,2603 2638,2603 2663,2603 2689,2604 2714,2604 2740,2603 2765,2603 2790,2603 2816,2603 2841,2603 2867,2603 2892,2603 2917,2604 2943,2605 2968,2606 2994,2609"/>
                <TextEquiv>
                    <Unicode>Cheijlon te senden</Unicode>
                </TextEquiv>
            </TextLine>
            <TextLine id="r4l38" custom="readingOrder {index:37;}">
                <Coords points="300,2669 2469,2679 2534,2560 1985,2625 1854,2556 1674,2622 1540,2555 1250,2624 301,2588"/>
                <Baseline points="314,2657 424,2658 534,2658 644,2658 755,2658 865,2660 975,2660 1086,2660 1196,2660 1306,2660 1417,2660 1527,2660 1637,2660 1747,2660 1858,2660 1968,2661 2078,2661 2189,2661 2299,2661 2409,2661 2520,2663"/>
                <TextEquiv>
                    <Unicode>over Cormandel te laten weder herwaerts keren</Unicode>
                </TextEquiv>
            </TextLine>
            <TextLine id="r4l39" custom="readingOrder {index:38;}">
                <Coords points="284,2749 2310,2779 2538,2700 284,2685"/>
                <Baseline points="299,2738 410,2739 521,2741 632,2742 743,2742 855,2744 966,2745 1077,2745 1188,2747 1299,2747 1411,2748 1522,2748 1633,2750 1744,2750 1855,2751 1967,2751 2078,2753 2189,2753 2300,2754 2411,2756 2523,2756"/>
                <TextEquiv>
                    <Unicode>omme jngevolge de ordre der Heeren 17e tot een voor</Unicode>
                </TextEquiv>
            </TextLine>
            <TextLine id="r4l40" custom="readingOrder {index:39;}">
                <Coords points="278,2840 2444,2853 2444,2765 278,2773"/>
                <Baseline points="293,2834 399,2835 506,2837 613,2838 720,2839 827,2840 934,2841 1040,2841 1147,2841 1254,2841 1361,2841 1468,2841 1575,2841 1682,2841 1788,2840 1895,2840 2002,2838 2109,2837 2216,2835 2323,2834 2430,2832"/>
                <TextEquiv>
                    <Unicode>seijlder der aenstaende retour vloote, na 't patria te</Unicode>
                </TextEquiv>
            </TextLine>
            <TextLine id="r4l41" custom="readingOrder {index:40;}">
                <Coords points="294,2944 393,2943 444,2971 480,2957 529,2976 599,2963 600,2893 574,2881 551,2895 497,2844 476,2858 441,2854 424,2871 378,2847 345,2864 331,2852 296,2857"/>
                <Baseline points="309,2930 334,2932 359,2934 384,2935 409,2936 434,2936 459,2936 484,2937 509,2937 534,2937 559,2938 585,2939"/>
                <TextEquiv>
                    <Unicode>dienen.</Unicode>
                </TextEquiv>
            </TextLine>
            <TextLine id="r4l42" custom="readingOrder {index:41;}">
                <Coords points="313,3180 531,3133 827,3191 1034,3118 1390,3188 2270,3183 2444,3170 2446,3054 314,3023"/>
                <Baseline points="329,3111 434,3116 539,3120 644,3124 749,3128 854,3131 959,3132 1064,3135 1169,3137 1274,3138 1379,3140 1484,3140 1589,3141 1694,3141 1799,3141 1904,3140 2009,3140 2114,3138 2219,3137 2324,3137 2430,3135"/>
                <TextEquiv>
                    <Unicode>Batavia in't Casteel datum als boven</Unicode>
                </TextEquiv>
            </TextLine>
            <TextLine id="r4l43" custom="readingOrder {index:42;}">
                <Coords points="2001,3421 2119,3369 2253,3371 2318,3343 2373,3371 2464,3344 2522,3386 2638,3369 2626,3210 2578,3228 2527,3206 2440,3291 2290,3278 2205,3229 2117,3261 2078,3238 1989,3265"/>
                <Baseline points="2012,3377 2042,3373 2072,3369 2103,3366 2133,3363 2163,3360 2194,3357 2224,3355 2254,3352 2285,3349 2315,3347 2345,3345 2376,3342 2406,3341 2436,3340 2467,3338 2497,3336 2527,3335 2558,3335 2588,3333 2619,3333"/>
                <TextEquiv>
                    <Unicode>Van goens</Unicode>
                </TextEquiv>
            </TextLine>
            <TextLine id="r4l44" custom="readingOrder {index:43;}">
                <Coords points="1835,3665 1936,3587 2068,3609 2173,3557 2329,3606 2694,3580 2683,3375 2419,3380 2318,3342 2267,3371 2144,3363 1916,3495 1825,3477"/>
                <Baseline points="1848,3611 1889,3606 1931,3602 1972,3599 2014,3595 2055,3593 2097,3590 2138,3587 2180,3585 2221,3582 2263,3581 2305,3579 2346,3577 2388,3575 2429,3573 2471,3572 2512,3570 2554,3567 2595,3566 2637,3563 2679,3561"/>
                <TextEquiv>
                    <Unicode>Com: Dman</Unicode>
                </TextEquiv>
            </TextLine>
            <TextLine id="r4l45" custom="readingOrder {index:44;}">
                <Coords points="1847,3893 1936,3932 2060,3921 2096,3882 2900,3911 2894,3786 2736,3828 2611,3740 2471,3796 2358,3751 2207,3758 2125,3814 1952,3769 1842,3785"/>
                <Baseline points="1863,3908 1914,3904 1965,3900 2016,3896 2067,3893 2118,3891 2169,3889 2220,3887 2271,3885 2322,3884 2373,3882 2424,3881 2475,3879 2526,3878 2577,3875 2628,3873 2679,3870 2730,3867 2781,3864 2832,3859 2883,3854"/>
                <TextEquiv>
                    <Unicode>WHar Dn hon</Unicode>
                </TextEquiv>
            </TextLine>
            <TextLine id="r4l46" custom="readingOrder {index:45;}">
                <Coords points="1843,3950 1862,3957 1871,3958 1875,3956 1889,3961 1910,3903 1888,3896 1882,3887 1868,3882"/>
                <Baseline points="1872,3912 1889,3918"/>
                <TextEquiv>
                    <Unicode>9</Unicode>
                </TextEquiv>
            </TextLine>
            <TextLine id="r4l47" custom="readingOrder {index:46;}">
                <Coords points="1953,4143 2190,4069 2312,4092 2402,4067 2461,4113 2571,4079 2650,4118 2739,4093 2737,3962 2577,3985 2527,3946 2371,3990 2060,3955 1951,4013"/>
                <Baseline points="1967,4089 2004,4087 2042,4085 2080,4083 2118,4080 2156,4080 2194,4079 2231,4077 2269,4077 2307,4077 2345,4076 2383,4076 2421,4076 2459,4075 2496,4074 2534,4074 2572,4074 2610,4073 2648,4072 2686,4071 2724,4070"/>
                <TextEquiv>
                    <Unicode>Jan amphuijs</Unicode>
                </TextEquiv>
            </TextLine>
            <TextLine id="r4l48" custom="readingOrder {index:47;}">
                <Coords points="2187,4219 2201,4219 2207,4213 2218,4219 2221,4216 2253,4216 2253,4149 2239,4149 2230,4155 2221,4155 2204,4144 2187,4144"/>
                <Baseline points="2202,4211 2238,4211"/>
                <TextEquiv>
                    <Unicode></Unicode>
                </TextEquiv>
            </TextLine>
            <TextLine id="r4l49" custom="readingOrder {index:48;}">
                <Coords points="1886,4562 1934,4553 1941,4543 1988,4538 1998,4527 2034,4532 2090,4516 2069,4399 2024,4428 2004,4414 1977,4416 1960,4404 1944,4410 1897,4380 1884,4391 1855,4394"/>
                <Baseline points="1892,4511 1917,4507 1942,4503 1967,4499 1992,4494 2017,4493 2042,4487 2067,4472"/>
                <TextEquiv>
                    <Unicode></Unicode>
                </TextEquiv>
            </TextLine>
            <TextLine id="r4l50" custom="readingOrder {index:49;}">
                <Coords points="2124,4560 2153,4561 2176,4551 2194,4568 2270,4514 2296,4518 2290,4420 2261,4421 2225,4394 2211,4404 2202,4401 2135,4449 2118,4450"/>
                <Baseline points="2135,4509 2163,4506 2192,4505 2221,4503 2250,4502 2279,4500"/>
                <TextEquiv>
                    <Unicode>h</Unicode>
                </TextEquiv>
            </TextLine>
            <TextLine id="r4l51" custom="readingOrder {index:50;}">
                <Coords points="2030,4567 2048,4568 2062,4578 2071,4575 2091,4582 2108,4583 2110,4530 2093,4530 2090,4527 2084,4529 2079,4523 2067,4520 2053,4522 2050,4519 2032,4518"/>
                <Baseline points="2045,4569 2094,4571"/>
                <TextEquiv>
                    <Unicode>n</Unicode>
                </TextEquiv>
            </TextLine>
            <TextEquiv>
                <Unicode>121
31

en dewijle de tijt weder op handen schiet, om de
e. besendinge te doen, naer de Cust van china, soo is voor
Eerst gemeent dat tot beter obtinue van dien langs
.
gewenschten handel, voor d’ E Comp:e (waer van sigh na de
laest erlangsde advijsen, weder wat beter hoope van

succes schijnt op te doen.) wel een gequalificeert hooft
en van meer aensien, als den present daer zijnde Coopm:
Jacob schagen, zal vereijsschen om het werck jn Hocksieu
des mogelijck, eenmael, op een goeden vasterevoet te
d' Pardins Gsar
brengen; en waer toe dan goetgevonden zij te nomineren
als Commandeur: ten

den E: Martinus Casar; van wiens capaciteijt en
Commissaris Over de
besendinge naer china
goede condiuicte omtrent die fastidieuse natien wij ons
Gestelt
konnen gerust stellen) en dat onder de Haracter van
Commandeur en Commissaris, als hebbende zijn E:
bevorens drie maelen, het opperhooftschap van Iapan
tot ons genoegen bedient, en zedert jnden Aostbaeren
raadt van sustitie deses Casteels, met goede reputatie
gebruijckt geweest.
tot overbrengs van eenige expres nodige preadvijsen
—
't Galliot de Snobber tot
overbrengh eenige
naer Ceijlon is goetgevonden der waerts aftezenden
nodige praadvisen nae
het sndige galpot de snobber en't selve ten eersten
Cheijlon te senden
over Cormandel te laten weder herwaerts keren
omme jngevolge de ordre der Heeren 17e tot een voor
seijlder der aenstaende retour vloote, na 't patria te
dienen.
Batavia in't Casteel datum als boven
Van goens
Com: Dman
WHar Dn hon
9
Jan amphuijs


h
n</Unicode>
            </TextEquiv>
        </TextRegion>
    </Page>
</PcGts>
