3108 4581
74 54 314 202 328.
258 198 491 354 328
61 481 2855 747 dogh watoock aen't verdere officieren en vlodige suwoosten maage
73 649 736 809 Goetsinden van d' H: gouv:r
111 739 445 865 Gedefereert
745 667 2940 874 govvinden van dE: gouverneur en 't hede bevolee blijke)
701 842 2947 994 en en Boedanig en manieten de besteringe van den andel
59 845 681 1036 en soo Ansgelije meds
65 985 732 1097 omtrent den Ommeslagt
712 943 2968 1135 en ommeblagh ter zuste van adiine en op uducoui
83 1065 507 1205 op tunonijn
734 1121 2101 1267 mede wertes taenen gelaaen
742 1251 2792 1511 En: om in totae der ond: hande:s alsoer poef: een
74 1384 755 1588 12. Subdikanter haerden
735 1425 2891 1623 vermanenten nodigen voet te stellen, soois gemeent
73 1559 733 1676 Joch en 't Ceijlons gouwern„
67 1619 637 1757 „men geneugh geaght
727 1581 2957 1803 datmen in dat gouverneurend met dwallf Deiraare
724 1680 2582 1901 wel toe Connenbes saen als te oden
2710 1778 2769 1895 8
52 1720 687 1974 Een hdelbige de satie
718 1863 1398 2049 oedeobo
745 1990 1398 2140 twee op dalen
726 2029 2178 2283 een op Batticaloo es Cricoenengele
729 2218 1559 2389 de deaffanpat am
721 2271 1654 2479 een op Nlagapatnam E
719 2423 1793 2623 an op de Lijft van Madure
794 2546 2931 2832 en van tdanchede bekets salmen daer negehrijx hind
101 2595 722 2814 Hen 5: krankbesteers.
732 2730 2684 2936 vijs pix genoege konnen gedient sijn vamentijns
713 2869 1607 3031 dede op Jaffanapatnam
706 2982 1338 3150 on d Combo
723 3080 1398 3257 den  gaale: En
718 3130 2006 3381 een op' Batticaloa, of ticoen magte
727 3293 2717 3517 doovelcketin gagie ne hooger als : of 30. i
54 3314 654 3496 die niet Hoger mogen
50 3457 744 3584 Winnen als 24: off 30: gl
732 3456 1989 3649 maents sullen vermoen i
849 3650 2718 3846 deser materie vak verder bebbroten van de
701 3855 2919 4029 onkeken en moutprovisig der gev: alsperbemuijser
706 3967 2899 4199 eswegen berel in verscheijde zj douvernemenden
