3108 4517
-10 4284 73 4400 2
20 135 86 238 d
55 626 158 748 1.
257 213 481 326 1
597 423 2338 722 ijdagh 4: Mart: 1678.
366 540 481 684 1
215 1010 2503 1213 zijnde bij voorgaende Resolutie geoordeelt dat de
240 1184 2464 1330 lage prijs van 4: rx:r die alhier voor het picol aenko„
158 1308 2502 1486 mende peper wert betaelt wel een oorsaeck mogsten
226 1416 2534 1593 zijn vanden soberen toevoer van dat grain, en als ten
228 1552 2436 1702 met eenen vastgestelt; de prijs daer van te versogen
228 1679 2519 1862 tot op 5: rijcxd: halff gelt, halff kleeden ofte lijwaten
226 1796 2462 1963 soo is nu weder gesproocken aengaende den pepenj tot
236 1933 2464 2098 Palmibangh, zijndet wel alle voegens het Contract
236 2046 2487 2209 A:o 1662: met den pangiraij, aldaer gemaeckt, aen
242 2209 2522 2362 d E: Comp: verbonden, dogh zedert die tijt dat wij de
220 2294 2532 2487 prijs daer van alhier hebben vermindert, en het picol
549 2429 637 2511 die
239 2440 2515 2576 op 4: rx: gestelt aldaer soo wel door onse Borgers
2331 2557 2407 2647 6
240 2531 2400 2721 als Comp:s residenten. jngekoght tot 3 en 3¼ rijcxd:
238 2676 2518 2877 en welcke laege prijs dan mede soo ’t schijnt: de oor„
2297 2872 2398 2965 —
237 2838 2308 2970 saeck zij geweest dat den gem:t Pangiran van
243 2945 2536 3124 Palmbangh de gedaghten gekregen heeft om met de
409 3073 2515 3276 ngelse jn onderhandelinngh te treeden, en van
242 3223 2455 3390 haer hoger prijs te bedingen gelijck ons het opperr„
254 3361 2357 3530 Hooft tot Jambij bij zijn missive van 17: Januarij
275 3495 2564 3656 jongstleden heeft aengeschreven, ende bekent gemaert
238 3635 2520 3795 twelck dan zijnde een zaecke die soude strecken.
250 3774 2483 3950 tot mercklijck nadeel van d’ E: Comp:s soo is een
247 3945 2518 4128 parighlijck nodigh geoordeelt hoe eer hoe lieper
2194 4047 2408 4209 een
2586 166 2762 386 40
2490 1739 3055 1945 on den ege e de e
2504 1907 3026 1995 Palembangh in Comp:s
2471 1965 3044 2077 maght te consoreeren
2910 -3 3026 150 19.
