3138 4701
63 188 136 318 t
978 412 1542 602 Februarij
167 561 2632 736 4: d:o „: de bobenscht des Pepers: en batmen die hieroock wel nodigh heeft
604 677 2965 805 Poo baalen Lanneel met Poulottun na ’t vaderlant tesenden . . . . r:o 25.
365 780 1758 896 dat de schepen oock te defenciver sal maaken.
402 843 1791 979 tot meerder voortsegtinge van den Lantbouw &:.
348 902 2637 1065 Jsvasken 't ampt van landdrost van batavia onded. Bersoonen te verdeelen
423 1027 2952 1153 elantdrost aen doost zijde te verkiesen den Opper Coopman Lauren opit de Jonge „ 26:
351 1122 2805 1230 „’t mancqueert hier aen geen Vruchtsaake landen maer aen neerstigtbebouwers - - .„
320 1200 2676 1338 „ d Epit de son gesal Egter om ander Emploij bij voorval wel mogen versoeken
394 1300 2670 1397 En ook altoos sijn Vorgequaliteijt van Opercoopman weder mogen aennemen.
354 1361 2035 1525 „delantdross van d’oort=ie sal d’ Eerste in stangh zijn.
361 1478 2757 1632 maer d Evincen van moock als nogh d’ Eers teaende west zijde, soo langehijk
663 1545 1267 1679 in dat Ampt blijff.
2820 1567 2946 1717 3
391 1580 2509 1791 't sagu Vluisensurgh verkoen aen den hindes Japbiko voor 370. ps
418 1714 1804 1823 in de tagtersejt vandekamer Eoelandt
183 1734 378 1860 8: d:o
2768 1698 2960 1888 „28
408 1760 2036 1961 't sccip poulom Voor de E ier na 't Patra aengelegt
401 1898 2730 2022 22152. lb: bedors tompen uijt mocdate tuggegekomen te doen Verbranden.
172 2028 2825 2168 18: d„o d: E Camphujs, pitz. en Nander mEedd: ce als gecommitteerd gebfelt in de sack
600 2079 2152 2246 te schen den laatdrost van noorsz, en Tnsmijstrouw
2773 2076 2863 2259 i
2849 2020 3010 2246 25
466 2173 1852 2320 daerin 't bedte van hunsende te bevordern-.
2838 2213 3021 2364 30
419 2250 2781 2399 dogh bij onwieligheijt van Ciim beijde hier omtrent salmen besaek geheel aende
632 2366 1317 2491 Jushtie overgevn . . .
445 2418 2345 2594 Jselslejn na banprmassingh te benden om een Ladinge peper - . . .
226 2495 353 2597 „
436 2533 1607 2686 met den Coopman Nnicolaes qmuller
2316 2509 2706 2698 8
417 2591 2800 2831 bij mancquement van poper eenigh gout Amstrg: is Bartuijs, en knttottange
697 2720 1376 2860 inde t laten Jnkoope
2850 2726 2999 2892 31
439 2816 2804 2976 de pagger op Can n: gpona met 80. Viedeslanders, en soo Eedel Jnlanders te besetten.
496 2905 2547 3046 dist tegen den aenbreng van mooize en vremde Cleeden, en amphioen
443 3025 2395 3169 tuck ang: der middelen van E Nederlandeekerk deser tlede . . . . . .
2831 3053 3020 3193 32
438 3106 1810 3250 Jtem Heecq: der middelen van de Inlandz kerck.
2842 3151 3029 3312 34
434 3184 2715 3384 n't opslaen vande tijs zoo zas zen uijt ’s Comp:s packeninsen te laten verkoope
151 3220 409 3382 22: d„o
718 3286 1894 3443 voor degemeente tot 48: tr: tlac
2168 3324 2217 3426 1
2862 3283 3014 3460 36:
438 3359 1391 3525 Om de bobere toeloer des pepers
400 3459 2697 3656 deselve voortaen in plaetsen 4. tot 5: pp:s 't p:s te letalen, na de maent maeijt
462 3606 2493 3764 den boekhouden gnevael Iaguls bucquoij 150. f smaents voor 5. Iaaren
2852 3629 2944 3769 3
469 3692 1979 3821 eijer Heijers. versetert vij 50. tot 65. g 3. Jaer
476 3824 2638 3952 Doctor hermanns Brin verbeten Van 60. tot 90. g=s bnaents:
700 3921 2600 4049 aia Jans: de Jongh Cessie vergunt et Committie
829 3984 1568 4160 aende JusLitie
2854 4021 2995 4157 38
2800 3010 2853 3164 3
