3146 4670
51 1512 171 1693 2
2909 174 3071 374 189
540 695 1866 894 nes aer Het Gebrik
249 893 3127 1086 Ansooken doouren aghie elver doar darhimdat bij tot l:t ensl handen
2576 1031 3124 1135 deensen agin Paulij
224 1041 2380 1184 bannam bij eenbriefje de gisteren enlangen; vegeven
2592 1094 2970 1231 toetbantam
346 1172 603 1301 e
794 1141 2485 1296 enen aeben dan deo dnb
251 1276 2504 1412 n bin n mar
253 1402 2556 1536 alheermojtt aage, en als vondie naer dande nestej
297 1505 2633 1707 van denemanken kom sijn schip de sheuip dat van Cernandel
274 1622 2609 1827 banandwas angecomeen) waeste nemen ten te besteeren
291 1731 3046 1911 ede van dewaerts gelakenet weden: Jsnaer doerberate Pmtru den
2579 1853 3102 1976 Gearresteerden schippe
328 1898 3082 2087 degevonden, diei veeck ken, engem van doorig ancken, van door
2594 2007 3111 2105 in plaets van Mate
245 2004 3095 2184 nbven van Comp:s behoven na bandam te laaden over vaven Jnlntam te laten
2592 2139 3144 2225 Overvaaren om wede
345 2153 2535 2328 Ende wijders aan den selven, wegens dese sijste otslagure
2592 2197 3119 2289 bij de dienen aldar
2599 2259 3108 2355 sijn schip de Theuix
248 2233 1861 2432 albierde ver de ondershome al
2570 2310 3030 2430 Waerte nemen
2614 2386 3140 2478 en hem een acte Van
2607 2441 3159 2581 oitslaginge te verleend„
444 2134 2357 2641 ee en
503 2554 2288 2732 densleen Ein Coninklijcke maijt van de nemacken
518 2666 2602 2809 Voopden &:o met hetschip de vhenip aen als de boeence
493 2794 2561 2926 angerane, adaer door den Heer gouverneur Joan doo D: g:
507 2892 2544 3008 uijtnaghee dan placcaet van haer E: Mog: C ordr onse
527 2974 2524 3128 Principalen egensae onderdanen, in denaven geenancert
524 3056 2550 3194 in arese genomen en d met heet schip oemerswale op den
524 3165 2534 3340 20: augus ij laast den bwwaerts opgesondent en zedert dien
535 3260 2484 3405 tijt alhier in oke geusideert hebbende vert mitsdesen op 't
511 3393 2564 3517 dek vand eda yn doochin paulij, wegens sijn
508 3464 2477 3621 opgemelde maij bantam residerende, bij sijne missive
529 3576 2451 3682 dat 16=e ourant aen ons gedaen, en speciael om de nauwe
473 3651 2637 3821 alliande n ieschat dnssehen gemee woone nonsen stael
550 3754 2629 3908 ige van sijn ands 't ondslaagen, (ieder op onjevoelen gestelt,
528 3888 2628 4009 omme nesomp: schip tersolen naerbandam te mogen vertrecken,
2366 3977 2603 4099 ende
