3078 4702
31 46 263 200 250.
154 200 411 398 250
2104 460 2205 556 4
645 545 2789 749 in alle sodanige goedeen, die geoordeelt werden
652 727 2626 879 tot prejuditie, en nadeel van Comp:s negotie
15 781 2973 1022 Berstaen het placcret te konnen srecken, is althans geresolveert het
46 897 663 1002 tegonden aenbreng van
30 941 2785 1112 dremde cleeden en placcaet ofte biejet, bij resolutie van 18:n februarij
2750 946 2823 1078 „
34 1032 593 1130 Amphioen nader to
665 1053 2849 1225 passato ter neder gestelt, tegens den aenbeengh: en
69 1103 559 1233 doen Amplieren
639 1164 2793 1352 ve koop van aller sande vremde en moorse kleeden
645 1261 2870 1447 en quiphioen. nader te doen amplieren, en daer bij
649 1413 2726 1574 oock het coper, in. spiaulter, rouwe fijde
649 1488 2847 1669 schiltpadsgoorn. Benjoin, Landel hout. sappanhoudt
634 1629 2744 1806 Gompieback, specerijen &:a ablolut te verbieden
637 1724 2908 1934 op pane van confiecatie, der goederen, en verdere.
631 1870 2844 2059 arbitrale correctie na bevindinge van saecken.
639 2099 2737 2320 Ende ame den voorschrepen particuliere
17 2201 577 2413 Ms o
629 2273 2860 2433 handel, nogh nader met alle vermogen te dempen
71 2314 590 2449 Jaen de Negstind
29 2412 563 2508 Haer Carudsoonen
558 2362 2941 2562 soo sullen alle vremde Negtranten hier aen komende
53 2471 572 2587 teneeren te doen
634 2481 2781 2680 voortaen haere Carguasoenen, ten eersten door den
59 2548 368 2660 Opgeven
638 2588 2954 2787 tentmeesten sonder uijtstel, aen dese vergaderingh
21 2704 593 2850 omdienuijt t gende
630 2705 2890 2901 werden op gegeven, omme daer uijt het geene voor
34 2805 611 2921 Comp: mogte dienscligk
618 2822 2814 3024 de Comp:s nodigh off bienddigh moghte geaght
29 2869 606 2970 S. tt een Redelijke
47 2917 595 3049 Brijs aen te nemen
612 2959 2854 3121 werden tot een redelijcke prijse aentenemen, en
22 3003 636 3155 Ende Hest dat de Comp:
630 3044 2969 3238 tresterende, dat de Comp„e niet aenstaet dan veeder
19 3114 604 3227 niet han Prejndiceren
12 3183 633 3287 onder de borgerij te doen
643 3154 2937 3352 na bekome, lecentie, onder de dorgerije te mogen
3 3248 403 3373 Verkopen
633 3273 2931 3464 verkopen, en die dan oock geen anderen Jncoo sullen
627 3406 2802 3576 vermogen te doen als van sodanige goederen, en
630 3494 2893 3694 waeren, die d’  Comp:„s niet prajudicerende zijn
19 3610 2861 3974 sans til n den Een hans helt, beoepen deser toe de mitsgaders
43 3904 2930 4083 Trruijtn ans en E: hb:t s: Joannes Crujtmans, en Juff: Elisabeth: vander keer„
71 3957 641 4064 Vander hier pder een
40 4024 658 4129 stuckjelants in eijgendom
659 3989 2840 4157 fder versoght hebbende om een stuck landts buijten
88 4093 383 4207 Verbent
631 4112 2734 4291 deser stede jn eijgendom te mogen geneten, is
2545 4284 2796 4404 Hier
