3109 4581
51 41 234 185 332
275 174 506 351 332
663 556 840 735 dat
900 481 2448 719 djveptement bullen besoon
19 622 651 825 an diee Ahvonen
674 731 2754 872 ofte over te schpijpen; dan deE zij alvorens aende Hooder
7 783 610 903 Heelan de Sullen 17obbe
671 810 2785 998 tegeringe alhier, bullen hebben voorgedragen abekend
84 870 434 1014 voorgedragen
666 963 2801 1140 gemaakt den alsoo bij vanont: en wij van heare
656 1099 2943 1271 Insentie bewoust sijnde wvege discracant die anderhies
664 1256 2723 1430 de hoeren moesters misschen batavia ten die vaneij
680 1387 2859 1572 moghten teporencomen, daer door Sonmatl geseelijk
38 1385 666 1585 Op dat alle de disorepanter
33 1541 643 1669 tusschen heijlen en baar
682 1535 2886 1732 mogen woghgenomen blijven, en alles met zendarighdijde
44 1614 679 1742 daer door een maes mogen
27 1694 623 1848 Weghgenomen wele
660 1673 2750 1892 bjer H0: Ed: voorgeseeft weijden; waerton dan oock aan
658 1868 2928 2030 deselve sal werden versocht en geschieven, datse het gandsche
649 1991 2813 2141 biestier van gem. Ceijlen deenemael ons alhijer gelieven
670 2182 2823 2331 aen te lepelen, om alsoo Lonmael van alle Capillatien
673 2318 2815 2467 en veranderingen een eijnde te maeken, en de soo appare
32 2394 662 2561 om de Verwagte Voordelen
691 2378 2761 2608 verwpaghte voordeelen ey saaken, aldaer vens, in een
36 2518 669 2618 aldaer ausin een bangh
32 2589 468 2708 Gervensehd Goe
666 2507 2931 2772 lange gemenschte vosten, en goeden vloj, en 6. anst poorden
48 2666 366 2808 te brengen
684 2695 2849 2921 ppolstont van de genetale Comp: tesrengen ter te bchouden
643 2897 2873 3104 Eindlijck nogh mede geprcken Een aengemen t wesende
34 2993 661 3201 over Ragasinga duse
698 3057 2937 3267 den toestande, van den onink kgedebinga, te goed gevolden
27 3152 660 3291 Conkderatien mede nad
32 3232 658 3386 Paderlant te adviseren
682 3184 2900 3373 daer over mede onse sndentie en zousiderneken ten naesten
696 3333 2736 3516 aende Heeren moese door testen, en nu naer
654 3475 2962 3710 eijlon te ordonnenen datmen, soo hij inwijlen ondertpogt
33 3513 669 3645 en Meijlen te ordonnaen
41 3636 661 3754 bij desselfs ouverwaght
614 3634 2816 3798 moght komen de overlijden, ons daervan aens sonds
33 3708 614 3809 overlijden, ons daer van
34 3786 659 3911 Aanstonts Adris t: geven
689 3781 2969 3939 in sulkgval Expies advas sal toesonden, en digh inmiddens
37 3857 666 4001 en bij sulcken gevelle sigh
23 3963 671 4082 na dier tijd te Maguleren, en
696 3944 2842 4098 na de gestalde des tijts vonbesten teguleren, kiessende
50 4030 667 4142 deschorfdd: d derlijkste
49 4098 743 4242 Partije Voor de Con kiesende
