3120 4570
24 4303 82 4459 1
203 3890 271 4091 3
2865 -10 2977 135 31
212 393 2228 569 boordt te verhandelen, alsoo ons de erparenthejt
2284 587 2360 688 —
194 542 2310 742 geleert heeft dat de jnwoonders van die plaetije
190 652 2395 859 gansch niet te vertrouwen zijn; ende jndien het gem:te
200 774 2378 941 Cargasoen: niet alle jn peper konde werden omgesett
2426 832 2924 967 6„ dienoigment
2413 932 2983 1029 Van Peperjeenig gouder
193 877 2273 1070 soo is verstaen dat de minst gewilde kleeden sullen
2410 984 2966 1097 Ambergrijs, haapuijs
2410 1061 2965 1161 en bintrotlingh mede
204 1048 2387 1196 mogen werden verhandelt tegen gout, jndien het te
2410 1125 2911 1239 te laten Jncoopen
201 1157 2390 1347 bekomen zij, als mede tegen goede amber de grijs—
205 1257 2521 1436 voorts Harpuijs Dintrottangs, en Cadjangh, na gelegent
198 1384 1351 1578 heijt vande scheepsruijmte
13 1569 2399 1722 De veltschand ofte pagger tot anjongs-voura, nu op
2432 1612 3066 1744 de Lagger op Tanjong poura
2444 1711 3006 1811 met 80 Nederhanders
214 1692 2430 1844 gemaeckt en voltoijt geraeckt zijnde, soo is goetgevon„
2434 1784 2993 1885 en soo veel Inlanders
2440 1844 2744 1983 te besetten
224 1806 2436 1957 den deselve voor eerst besett te laten met 80: neder
104 1810 249 1952 d
209 1935 2433 2093 landse militairen, en ongevaer gelijck getal Inlandere
213 2025 2470 2185 latende de resterende alle weder herwaerts keren,
217 2223 2321 2401 Aengaende den aenbrengh, en verkoop van moorsc
2429 2263 3060 2404 dict tegen den aenbreng
2436 2364 3020 2461 van Mooijse, en Vreemde
218 2351 2398 2511 kleden, ende lywaten als mede amphioen is goetge„
2438 2429 3031 2549 Cleeden en Amptioen
235 2494 2423 2630 vonden tot waerschouwinge van een ijgelijck te
221 2615 1835 2770 laten aenslaen. het navolgende edict
177 2898 2362 3074 Den Gouverneur Generael ende de Raaden
236 3056 2577 3194 van India bij resobutie van 29:' december des voorleden jaerst67
225 3148 2470 3299 pt nakominge vande ordre der Ed: Hdeeren onse principalen
249 3245 2447 3414 goetgevonden, en vastgestelt hebbende te verbieden den aen„
231 3365 2532 3500 brengh; en verkoop van aller leij soort van witte en geschilderde
246 3485 2272 3630 moorse kleden lijwaten, doecken, off hoe die oock soude
246 3597 2496 3737 mogen werden genaemt, gelijck mede van smpzioen, daer onder
253 3739 2486 3854 niet begrepen de geene die van d’E Comp:s gekoght zij; hebben
256 3831 2332 3970 nu oock haere gedaghten laten gaen op de schaade die de
256 3933 2512 4080 goede jngeletenen, door sodanigen eerbodt souden konnen komen
2286 4060 2445 4179 te
