3111 4525
-24 3166 71 3327 1
2620 83 2834 373 69
151 493 2312 709 opperhoofden, ende tot versekerings vande selve, ende
145 687 2328 852 haere onderdanen, tegen hiet moorden selen ende
145 791 2243 939 roven, van een t'saem gerotten hoop, soo van hier
6 915 2300 1069 :als van Bantam, wegtgelopen slaven, en ander
145 999 2278 1171 geboefte die hun aldaer plagsten te onthouden, en
98 1116 2246 1320 dat deselve pagger ofte vastigheijt alleen maer
2337 1120 2874 1319 En de bnitende
112 1258 2773 1431 dient tot bevrijdingh en beschermingh, vande gaende derhandelaars
156 1338 2262 1531 ende komende Cooplieden, en geensins tot ijmands
154 1477 978 1670 schaade off nadeel
366 1627 2416 1833 Ende dewijl geoordeelt wort, dat onse afgesondene
172 1795 2411 1950 scheeps magst, na de boven gem:t rivier van Pamanoe
161 1938 2409 2071 kan, te swack zij, tot bevrijdinge vande selve ende
165 2000 2400 2136 de daer omtrent gelegene plaetsen bestaende eenlijck
180 2130 2277 2272 uyt het saght de bhelvis, de tChaloupen moor
175 2242 2293 2411 ende salm, mitsgaders 3 jnlantse vaertuijgen ofte
185 2307 2360 2502 contingh, soo is goet gevonden, ende verstaen deselve
187 2425 2432 2607 nogh wat te verstercken, ende tot dien eijnde netten
2410 2425 3056 2616 Aatfelijan froon vVogrl: en
2436 2578 2965 2690 Aher de Veger tot
182 2576 2412 2703 eersten derwaerts  te zenden het Iaght de Cabellauw
2436 2638 3070 2763 vest terkinge der besitinge
2412 2716 2958 2813 nder pamanoekan te
189 2703 2355 2837 de tHoecken boot de Croonvogel, ende de Chaloup
2426 2785 2660 2871 zanden
196 2813 2430 2953 de vliegen: versien boven het nodige scheeps volck net
2428 2846 2986 3066 met 100. soldaten
201 2930 2362 3090 100: tleder lantse militaire, om sodanigs verdeelt en
192 3022 2443 3194 gebruijckt te werden als tot afieringe; vande gene
193 3151 2431 3290 die niet oorlogs off Crijgsvolck, tegens onen danck
202 3249 2447 3431 souden willen doorbreken, en de Landen, sal komen
195 3362 2268 3519 te vertjsschen; sullende de opperhoofden, van de
213 3520 2423 3663 gem:te besettingh. dese onse last, ende ordre tot bescher„
203 3580 2501 3723 mingh vanden Gouverneur, ende het Landt van sama„
201 3643 3048 3885 dangs. bekent maecken, aen het opperhooft vande Tegende bintammers
2438 3738 3052 3890 denconiste met maght
2451 3851 3079 3971 Van Krijgsvolck aldaer
183 3812 2418 3979 Bantamse vaertuijgen jndiense aldaer moghten aen
2432 3922 3063 4027 „ te Pronstiren, en hun
218 3921 2453 4081 konmen; protesterende tegen denselven van onschuldigh
2469 3993 2884 4120 alj te weeren
2223 4042 2409 4146 te
