3159 4665
2156 10 2247 152 5
2202 24 2321 186 8
2601 80 2722 221 1
21 19 252 209 474:
114 182 393 414 44
660 483 2701 747 bu eae genaee bnbuige vanrae
529 675 2733 863 naer deuwerde gegaen: bij desen saate met het deenze
536 749 2868 1010 schip de phonip als Capitijn dest mintr van dendemackn
533 945 2656 1087 weder madr ondir gomen: en datonder doer geomt
618 1050 2657 1196 an water en om ververtinge in de maand vel aen
903 1181 2670 1320 nde selde versehenen verseijnde, ende aldaar ken
551 1304 2643 1483 dant ijnde volgene toehoj dar heemen Baeren Eraad
534 1449 2545 1633 genomde, ende pesde ondre den Ed: hooren sovend
578 1569 2180 1774 dato 18:' otober des rleden daars 16r=: na
569 1691 2341 1904 oeoeven, door s hergoen ijn doom dac
544 1817 2495 2051 kragtte van dien geligeb: in detgengm en al
543 1991 2630 2192 meet seip vermenswaee serwaars orgnoen, bij
631 2096 2619 2329 2aug:s passen in aade van sjdia var emistijn
542 2279 2144 2444 daer bij vorsersende: ommeens gemeeteb
569 2403 1267 2559 dat vanden dat
2244 2428 2679 2561 bedaendas
0 2475 571 2663 Heef bij Negutst 7n 1
731 2543 2879 2710 donro majerhijd genougrame sdissactie te konnen
3 2616 568 2722 onse dippositie over sijn
8 2691 564 2798 saake, en Vrijheijt om
821 2669 2779 2841 onse adsis Panre en vordere dispeside over sind
3 2761 560 2873 nabantam te gaen bij
-5 2826 493 2965 de deenze Resident
562 2831 2841 2979 saake smede visrd ommmmaegban in te moes daen
557 2942 1380 3127 en aandeoeen
1772 2937 2825 3115 ae beebeen bj gedende
555 3028 2882 3259 mogene zijn bevenen van zijne ontbewoeken sheijde re geen
11 3145 2753 3344 O seknie van onder heberde van altoes op onse ombiedinge aenstonts de
8 3315 507 3409 altoos op ons ontba
-5 3385 535 3479 weder te sillen komen
565 3319 2790 3503 bilden edrc omen ten: bock aendiecige, om tallen tnden
7 3441 569 3540 en oock de Comp:s voor
-9 3518 400 3637 andere te dienen
557 3483 2758 3677 de Compags ot alle andre posentaten bereijt te zijn, te
559 3594 1138 3787 willen diender
1518 3589 2779 3811 pwilck verdoock doormaels
825 3754 2722 3954 aen is ons nader te biunlen beraaden / en te een
2861 238 3065 412 1n
