3021 4594
9 10 202 150 194
2690 86 2787 187 _o
2769 203 2937 374 2
67 218 266 414 194
15 445 2998 656 verclaninghook van en h:s Extraordinaris Raadt Willem van Outhoorn
20 648 482 764 d' Hr. Outhoorn
573 625 2605 819 verklaert sigh niet te konnen bequamen, omme
564 723 2781 917 sodanigen Commissie, op hem te nemen, wijle sij sigh
2787 914 2846 1006 —
583 857 2806 1021 twijt jn eenige oorcogs saecken off expeditien buijten
571 948 2957 1175 den Aghtbaren raadt, van sustitie alhier heeft geverseert
2832 1104 2923 1201 „
574 1156 2879 1309 en versoght derhalven, daer van te mogen blijven ebr„„
584 1264 1048 1452 excuseert.
584 1431 2689 1631 den Heer Joan Camphuijs, seijde mede noijt eenige
-14 1473 534 1655 Betlarin ge den
588 1581 2874 1740 militaire, ofte oorlogs expeditien te hebben bij gewoont.
45 1609 544 1759 d Hr Camphuijs
575 1687 2890 1882 en dat dienvoegende zoo vernieten niet en wilde zijn
580 1807 2703 1967 om jn dese gelegentsejt zijn dienst, te presenter en
2695 1883 2809 1951 —„
576 1913 2862 2113 maer dat Egster soo flauwhertigh, niet en soude wesen
578 2041 2878 2218 om sulx aente nemen, en met alle zijn vermogen, uijtte„
592 2191 2863 2314 voeren, indien de vergaderinge moghten goetvinden
560 2291 2013 2488 zijn persoon daer toe te verkiesen.
645 2459 2602 2643 De Hr. Jacob Jorisz pits, verklaarde, dat de
4 2541 594 2687 en Van d H Jacob
7 2648 377 2763 Foris: Pit=
582 2618 2879 2779 debiliteijt, en jndispositie, die zijn E: nu wel een Jaer.
585 2724 2864 2913 hadde aengehangen, de redenen waeren sij sigh tot dese
580 2880 2810 3020 Commissie niet konde aenbieden, dogh dat daer toe
491 2970 2774 3113 andersins (onaengesien zijn beroep en kort aenstaende
581 3076 2843 3223 vertreck na 't gouvernement van Malacca.) zijnen
468 3200 2539 3404 dienst van selve al soude hebben gepresenteert.
593 3328 2935 3514 dese verklaringen dan alsoo gedaen zynde is met gemeender
477 3364 615 3530 E
31 3482 2998 3653 d'eirentaden dese stemmen, en op ’t voordragen vande H:r Hurdt, goetgevonden
15 3630 613 3735 die verkiesinge aend' H:
608 3592 2877 3752 de keure deser Commissie aen’t goetvinden. vande Heeren
25 3707 624 3844 Generael en diricteit
608 3724 2887 3909 Gouverneur, en Directeur generael absoeut te defereren,
615 3830 2905 3999 als wanneer de Heeren Burdt. Outhoorn, Camphuijs, en
613 3968 2866 4113 Pits, een weijnigh buijten de raadt Camer getreden
615 4000 2961 4206 zijnde, soo heeftmen na rijpe meditatie, en voorbdaght
2645 4179 2884 4274 over
2839 2008 2917 2084 —
