3078 4511
32 8 196 147 46.
57 215 273 440 46
73 1013 618 1176 derhooffde van 't
110 1132 597 1241 schip ternaten de
101 1201 627 1336 halve Prenie toegelegt
71 2037 616 2203 Ceneft den
105 2163 607 2261 Comptoirs Manuel
117 2228 603 2322 Cornezee, Opp: Coopmann
94 2291 502 2397 120. gl. smaents
90 3089 596 3264 Sonder Hooget Jagie
108 3229 443 3319 in dien dienst
58 3589 581 3763 Schipper bommer
86 3727 635 3826 van Vsels teijn te ligten
111 3785 630 3877 en als onbequam na't
89 3848 518 3932 Patria te senden
2610 188 2749 298 oo
612 464 2858 660 Dijnsdagh S Mart 16785
683 984 2833 1126 Op het versoeck van d’ opperhoofden, van’t schip —
642 1096 2859 1257 Ternaten, om te mogen genieten de ordinare prenne
653 1240 2834 1357 voor gedane spoedige voijagie uijt het vaderlandt
637 1333 2670 1467 soo is goetgevonden, ende verstaen haer toe te
635 1429 2806 1614 voegen de halve prenie zijnde voor reeckeninge
653 1567 2942 1748 vande Camer Amsterdam, jn Zee gelopen den 26:' meij
643 1734 3000 1878 des voorleden Iaers 1677. en 28:e December daer aen t
640 1823 2327 2012 volgende hier ter reeede gearriveert.
644 1990 3003 2166 telet zijnde op het versoeck van den Coopman Manuel
645 2147 2835 2312 Dornezee, hebbende zedert Augusto des voorleden
640 2284 2926 2458 Jaers, tot ons genoegen waergenomen het ampt: van
651 2440 2964 2605 opperhooft: van het zoedij Comptoir, en Curateur adlites
653 2551 3000 2679 van ’s Comp:s afgestorven dienaren soo is goetgeronden
633 2677 2870 2834 ende verstaen, htem toe te voegen. de qualiteijt van
634 2785 2883 2992 oppercoopman; onder een tractement van 120: guldens
620 2919 2700 3104 ter maent sonder verbandt van heden aff, ende
629 3039 2668 3255 sonder dat om meer versogings van gagie zal
633 3185 2833 3370 mogen spreecken, soo lange jn die bedieninge beijft
2717 3373 2825 3483 oo
649 3338 1235 3511 continuteren.
667 3525 2945 3738 Dewijl vanden schipper Hendrick Dommer getuijght
664 3670 2913 3819 wort dat hij onbequaem is, om zijn dienst waerte nemen
654 3773 2935 3967 en veel tijts als buyten sinmen coopt, soo is goetgevonden
664 3900 2849 4053 hem vande fluijt ijselsteijn die eerst daes na Danjen„
672 4024 2839 4195 massingh staet te vertrecken, op een vande Hier
2597 4154 2784 4274 ter
2999 220 3103 373 1
3011 1659 3101 1797 57
