3134 4662
2906 28 3071 150 113
2862 209 2997 365 13
315 451 527 593 111
321 471 2421 641 eaan dagh 16: Maij 1678.
499 628 2198 821 Voormiddagh Extraord. vergaderingh:
267 845 2396 1042 Haer het lesen van diverse advijsen en brieven
263 1016 2491 1131 oister avont soo van Cormandel Macasser Iapare
264 1130 2374 1252 &:o hier aengebraght is met eenen geresolveert
2474 1163 3143 1329 de fleuijt Janskercke
272 1223 2322 1340 nogh na Sinatras Bestcult aente leggen, de fluijt
2443 1298 3147 1439 1 zogh naer de westaist
266 1319 2809 1472 Janskercke, omme den Eijsch voor dat Commandern: aengeleijt
272 1417 2404 1581 mede te helpen overvoeren, ende dan met de gerede
269 1535 2527 1679 peper &:o ten eersten weder herwaerts te retourneren
252 1645 2431 1844 dewijl onse schepen jn besettinge voor de rivieren van
258 1791 2506 1910 Pamanoetkan, en jnder maijoe &:o volgens haer schrijven
272 1887 2513 2046 t'eenemael van provisien zijn ontbloot, ende eghter
272 1995 2523 2152 niet ondienstigh geaght wert om de wispelturigheijt
260 2093 2404 2260 der Bantammers, ende hunne langh gerrughte
267 2194 2521 2369 afsendinge van vaertuijgen na samadangh Cheribon
273 2313 2495 2449 &. deselve nogh voor eenigen tijt aldaer te laten
2969 2346 3070 2484 2
258 2422 2468 2549 continueren, soo is goetgevonden het hoecker
2481 2370 3114 2535 de brantjans met in
2479 2508 3142 2607 Victualie Voor onse schipen
38 2532 2415 2635 de Brandt gans niet twee maenden victualie
2496 2565 2966 2666 in besettinge nae
2502 2628 3138 2766 Pamanokan af te sonde
284 2649 2504 2782 voor onse schepen op mongen derwaerts afteschicken
113 2812 2414 2973 :Batavia in't Casteel datum ut Supra
383 3380 430 3506 op
1928 3622 3036 3849 W: Van Jnthoorl
2903 3745 2986 3868 t
2135 3841 2862 4036 Van Camphujin
2186 4464 2302 4563 22
3021 3621 3115 3730 1
