3154 4654
197 3524 375 3680 5
300 -105 399 37 „
321 9 364 105 1
243 243 2547 650 Aaan den ullear Culihars Van Bancam
427 622 2572 885 van Eldenoutgen:t Ackeofs van Goous
470 839 2629 981 en de waaden van India, bonden desen brief uijt van buijven
443 952 2516 1092 eght hoote aan Pudicco bloijbulthan agan, die ted
443 1060 2573 1228 gedie voert overheelant van bantam en sijne onderdanen
439 1162 2599 1364 egeert met groot Ris Lant en Wijsdeijd, en den welcken den
441 1258 2547 1440 almaghtigen godt daerbij Wil laaten Continueren, en sem
429 1343 2577 1615 egenen met gesontheijd voorspoet: af een lanklelen berdl
445 1556 823 1676 der aerden
442 1567 2575 1830 e gpreghte genegentheijt van den oupemout Genomel k:
452 1776 2613 1904 de baaden van Jndia, om met padricca dirij sulxdan agongh
460 1869 2434 2005 enhetlant van bantam te blijven vollerden en en: waar
447 1972 2651 2120 ongevojpsde vreeden vunchap,s is in verscheijde voorvallen, en
450 2118 2561 2310 gelegentheden genoeghsaem gebleeken, soo dat daer aen geen
442 2195 2663 2426 mensthen Connen twijffelen, as degene die uijttsaer Eijgen
459 2339 2481 2558 natingje boos zijn, en om een Jngebeeld Eijgen voordeel met
458 2454 2694 2665 goenne souden sijn, dat deselve bede en kuneschap langer quame
2322 2591 2502 2735 en
437 2588 2338 2787 te djnen . op de Bebvoornemen van sullke blijdige
456 2702 2643 2907 enwistige menschen nogde worden verijdelt mitsgaders batavia
440 2813 2627 3031 Dantan blijven als een lant, boolange als sou een maen haer
460 2945 2495 3150 schijnzel sullen geven: soo hebben den gouperneur generael
459 3148 2656 3276 En de laaden van Jndia, aen paducca sijn sulthan twee brieven
460 3204 2627 3404 desnean d' Eerst den D. mey, en dandie den 19:' augusz
451 3349 2525 3531 deses daer beijde oe geen anderen Eijnde als om paducca
472 3487 2638 3639 beij bulhan door soodanige booswichten die voordesen meer„
434 3603 2650 3746 „maalen osaeck van bederf, en verwoes ci van handa.
421 3740 2302 3885 enbleden sijn gewweest, op het alderbrundelijckpae
452 3867 2529 4046 Dinstigst te waerschouwen, gelijck deselve twee brieven
475 3993 2599 4144 daer van oock de getuijgen Connen sijn, en. dieden gonv. genetael
2392 4136 2566 4245 en.
2816 17 3063 162 365.
2811 176 3045 345 365
2632 630 3021 837 Aenden ouder
2642 806 3113 907 Sulthan van bantam
2641 874 3095 1005 Cjhout der tede
2662 974 3072 1059 brieven aen den
2646 1039 3133 1133 ouden, en J:o Sulohan
2599 1090 3049 1234 Van bantam
