3168 4584
-22 197 195 476 f
17 4381 109 4523 „
148 3327 198 3486 5
2895 3 3093 141 135.
2883 160 3064 328 135
256 191 2515 624 Dijnsdagh 31:e Maij 1678. —
104 924 2548 1143 Dermits de jndispositie van de Edr: Constantn Hobel
231 1106 2443 1250 soo zijn jndese voorleden weeck, ende wederom op
235 1166 2296 1366 heden, door de h: Extraordinarij raadt Ioan:s
237 1322 2522 1479 Camphuijs voort gebraght de notulen uijt de ont„
230 1434 2450 1587 fange brieven soo jut laeste des vergangen jaers
2430 1459 2524 1581 —
212 1532 2490 1712 als nu jongst met de schepen 't huijs te spijck en
2560 1653 3060 1812 Resolutie overde
231 1634 2552 1827 Bmmeumj, van Cormandel op de welcke dan onder
2502 1752 3055 1849 Saaken 3: bsagnies
238 1777 2458 1921 meer andere poncten van rescriptie eerst daerhs
2524 1822 2916 1954 op Cormandel
231 1892 2566 2031 met de schepen Macasser, en Ternaten derwaerts aftegaen
222 2013 2568 2202 het navolgende goetgevonden zij, den gouverneur saques
249 2131 2613 2271 Caulier, en raadt te ordonneren, en aente bevelen.
239 2272 2622 2471 dat zij voortaen aende mooren off andere Negotianten
254 2380 2669 2542 van Portonovo, Coereloer, tegenepatnam, als de verdere
2551 2417 3155 2591 gen Laen enbeaende
231 2508 3082 2648 Zuijder Comptoiren geen palsen meer en sullen ver„ mooren na malacca
222 2629 3127 2765 mogen te verleenen, na Malacca; atchn, ofte eenige setchin & te verleenen
222 2719 2558 2896 andere quartieren, daer omher, om de schadelijckheijt
240 2832 2547 2993 van dien. jnden vertier van Comp:s doecken, en gansche
251 2939 2453 3100 negotie, de welcke door die vremde vaert bij na
247 3031 1990 3196 als t' eenemael bedoijven is geworden;
189 3159 2362 3371 Dat men op Cormandel de mesnagie met erust
235 3261 3072 3434 moet betraghten, alle onnodige timmeragien afschaffen geen Timmeragien
2515 3395 3116 3495 Sonder ordie Van Hier
242 3395 2378 3548 en /onder speciale ordre van hier gedie van eenigs
2528 3469 2915 3571 aen te vangen
232 3499 2329 3635 belangh byder hantnemen, werdende eghter het
253 3643 2527 3775 maecken van een nieuw packhuijs tot hoeconda, ent
182 3704 2423 3843 nodigh vertimmeren. van het huijs des Capitainns
205 3800 2552 3984 Luijtenants. tot Palleacatta, toegestaen en geapprobeert
228 3981 3151 4137 dat men de swaerdongelden op de Comptoiren binder Vorgelden te verminden
2505 4123 3144 4226 En de Overtotlige dienaren
242 4130 2458 4259 dadelijck, en mercklijck zal moeten verminder en
2504 4180 2896 4315 aff te schaffen
2253 4233 2405 4330 en
