3196 4639
10 3027 121 3297 5
8 246 147 417 so
3 721 149 844 de
2853 -20 3074 106 103.
2849 146 3037 285 102
2015 450 2077 534 1
189 403 2603 617 Lijnsdagn 10. Maij 1638„ —:
2499 939 3114 1107 den Finis tanhijn
236 964 2489 1143 Op het jngediende request van den Chinees Cansigua
2500 1060 3108 1186 toegesven na Malacca
2501 1152 2970 1260 te vaaren mit een
236 1102 2424 1269 jngeseten deser stede omme met een gehuirde bergel
2502 1219 2918 1328 Gehuurde sloep
236 1207 2383 1381 Haloup tot verrightinge zijner zaecken, een toghje
2439 1290 2562 1370 rd
232 1363 2530 1477 na Malacca, te mogen doen, is hem sulcks geaccord:
244 1493 2483 1685 den p:r Luijtenant Pieter de Bolff, diefunctie nu als
2511 1550 3119 1717 Pieter de Wolff luijt
258 1626 2427 1764 verscheijde malen, en jongst: onder de Expeditie onder
2533 1659 3127 1781 abzoluit 68. ge 3 Jao
212 1733 2565 1903 d D: H:r. directeur generael Cornelis Speelman vordr
262 1864 2565 2010 genomen, en daerjn met zijnen dienst voloens getuijgniss:
264 1954 2359 2081 genoegen gegeven hebbende, is verstaen als nu te
2435 2047 2515 2158 _
262 2042 2455 2214 vereeren met de qualiteijt van Luijtenant absolut
261 2127 2516 2273 onder het gewoonse tractement van vijfftigh guldens
258 2242 2001 2383 ter maent en verbandt van drie Iaer;
243 2389 2572 2581 Nladien het tekenen der verstreckingen, en 't afbetalen
256 2530 2500 2691 der verdiende maentgelden aen Compt: Dienaeren
283 2644 2529 2781 alhier 't welck zedert den Jaere 1669. bij d' E H:
283 2727 2428 2870 out ordinarij raadt van India Pieter, van Hoorn
277 2879 2541 3005 zij waergenomen, nu zedert het afgaen van zijn
287 2984 2604 3115 E: provikonelijck, door ’t opperhooft des zoldij comptoirs
282 3091 2442 3214 is beschiekt: Ende als een werck dat niet kan
286 3187 2532 3372 stil staen, nootsaecklyck weder bij een ander van
2572 3231 3116 3412 Afaiphuijs in plaet
292 3286 2551 3468 dit Collegie sal moeten werden bedient, soo is als
2538 3362 3104 3460 Van H: van Hoorn
2547 3434 3006 3512 het afbetalen der
290 3412 2575 3594 nu daer toe gecommitteert ende verlogst de B: Ext:
2560 3427 3159 3618 maantgeden aen be vollen
291 3516 1501 3675 raadt Joannes Camphuijs.
602 3667 2650 3846 n alsoo met het afgaen van d’ H:r Anthonio pavilioen
262 3757 2571 3965 de plaetsent van politicq Commissaris, in kerckenrade
302 3934 2509 4033 ende kerckmeester der nederlantse kercke deser
306 4002 2525 4183 stede oock zijn komen te vaceren is tot besjde
2167 4157 2448 4272 voor
