3120 4570
125 1337 254 1455 2
2837 28 2887 110 2
2738 142 2949 368 29
263 321 2439 596 Vrijdagh 18: februarij 1678.
260 806 2439 1012 Den L: Laub drost Dincent van 11loock, heb„
207 992 2425 1137 bende als nu weder laten jndienen een versoeck
207 1068 2435 1243 schrift nopende het proces, tusschen hem en Zijn
236 1168 2390 1387 Huijsvrouw Cargareta pessaert nu al ruijm, den
211 1292 2482 1470 Iaer voor den Aohtbaeren raadt van Iustitie hebbende
223 1478 2475 1637 gedient, ende waer van de Hoope dat eerlangs door
228 1558 2513 1722 middel van accommodatie en vrijwillige scheijdinge
227 1681 2506 1889 een eijnde soude hebben konnen werden gemaeckt.
224 1822 2398 2019 nu weder tot niet gelopen is, ten principalen
237 1933 2489 2088 veroorlaeckt door nieuwe geschillen, over de delinge
219 2053 2274 2271 der misdelen tusschen haer beijden, soo heeft de
248 2177 2437 2343 vergaderingh gemeent dewijle door weder zijdee
259 2333 2334 2474 schandaleule beschuldigingen. tusschen haer beijde
242 2423 2371 2593 sodanigen verbitterings zij ontstaen die de bij een
249 2540 2487 2728 woninge niet en zal konnen gedogen, dat het besf
249 2678 2286 2829 zal zijn om een eijnde van saecken te krijgen
266 2779 2497 2983 deselve wegh van vrijwillige scheijdinge weder
2442 2809 2531 3027 in
278 2896 2466 3097 jnte slaen, ende is daer op goetgevonden. ten voorn:
2450 2948 3079 3144 d Ebngn  Pis en
275 3025 3046 3211 eijnde uijt dese vergaderings te committeren den inr Escke als
258 3149 3133 3354 secretaris Joan Camphujs, ende daer nogh bij te gommiteerd gelid
2522 3236 3134 3343 in de zak kisten den
269 3267 3108 3429 voegen den E: Jacob Porisz Dits. gecligeert gouvern: antdrekt van noock
2611 3363 3053 3487 zijn huijsvrouw
268 3398 2464 3569 van Malacca. ende den E: Jacob vander Meerscht
223 3528 2522 3681 de welcke gesamentlijck den voornoemde E: Land-drost.
278 3654 2484 3801 Dincent van  Hooch en Zijn Huijsvrouw. sullen
290 3766 2502 3900 vermogen bij haer te ontbieden, ende als dan uijt
281 3871 2554 4064 oulen name aenteleggen, dat dewijle de vergadering
2271 3985 2509 4137 niet
