3111 4669
17 55 265 187 266.
205 121 439 332 Vo
2483 324 2563 436 5.
666 474 2811 681 Nepentie van den 19=: des de dewaerts afgesonde missive
694 642 2814 823 van den 2d: artie vooreder geresenee, Inseneeie ind
37 615 679 835 Her Cerhof de Boerteur
40 797 687 931 daerselve de negotieborken
691 780 2673 958 eguard van d den boos desevent doorme beboe
69 870 316 993 thouden
677 908 2873 1090 negotie boecken balemaden Houden en boovtel inden deshoog
24 1065 2863 1265 En alles nmet commindie als onkoop van goederen, dier als net Conntunicatie
45 1228 636 1317 vanden tweede, en derde
673 1181 2847 1364 en taadd vanden med, en derde eesen hoeden de handelek
41 1292 530 1437 moeten verrighten
672 1341 2677 1538 om alle quade buspitien daeromret te vermijden
703 1433 2890 1686 Edeen sullen oock t voors: danbijgeen behulden altosl
47 1529 705 1734 Ve a e 7e
43 1696 658 1814 te mackin dan op eijgen
687 1603 2925 1806 neermogen vrde gemmaeckt, een die gedi: drie bbkenden
38 1773 584 1905 Rifico det Resident
676 1763 2906 1957 tesamen anen Lasten bouden willen en hooden de enden
654 1954 2940 2149 bij aldien de Compag:s daer oaf eenige schaade mogte omen
678 2041 2759 2270 telijden, bonder dat hrut onient anders Eenigdsin
703 2185 2707 2432 bal mogen worden gedisgeligeed maet nit alle
622 2335 2929 2549 dermogen moeten werden geeraght, de nogh itstaonder
45 2518 658 2699 doude schulden te Panie
685 2538 1715 2715 oude schulden te smied
720 2623 2884 2884 E: gelijck als bij V benr van 19:' apri past:s 3 37
692 2802 2956 3032 dat de esdenba, op Jambij: met waer odinanie kostgeld
694 2946 2899 3120 moeten te veden wesen; is althans verstaen, balt daer
64 3020 675 3213 de Pehart op Senbij
695 3098 2814 3333 bezijden tot kandeoen toete beggen, den 1e soen diin
70 3192 694 3279 10. Cen den 2: en 3:e 9. kann:
49 3257 632 3386 Wijnsmaents toegeleijt
692 3239 2921 3481 en den tweede en derde persoon ijder vier kannen wijn
697 3405 1381 3600 termaende d
619 3663 2936 3847 Tot meerder uijtroeijinge van allen dandel buijten die„
73 3834 2733 3987 Saetn tot uijzolinge van de Compag. de deser plaesze, is naer verschijde
72 3959 709 4064 van allen Htandil buijtende
724 3949 2705 4153 deligeratien goetgevonden te Emanenht, en. te doen
118 4021 701 4168 Comp„s geemaneert in
76 4102 607 4218 Alhier te publicren
751 4046 2919 4263 dubliceren de naevoegende twee biljeen; t Eerste
2645 4206 2955 4381 omme
