3042 4586
2720 42 2981 177 327.
2732 173 2945 322 327
81 535 1351 757 ec onstapeedmaete
108 688 848 865 do bosseerens
76 736 2377 973 eenbntnant dedemisitie wel weetde Commenshn
62 969 675 1121 grnpadrigh
419 959 2332 1216 en ooer deielke hituels on de geegentrert de
435 1130 2389 1296 tits gelijck hier voor dnt tequareen Pombo is gesegt,
1700 1249 2401 1440 stig en bij afsensje
79 1211 1572 1442 Een ondercoopman op matureten adsij
445 1370 1000 1505 vanden bessave
83 1405 1201 1622 e adsistent daer ndes
1804 1539 2323 1704 liphantpangen
948 1478 1771 1731 voerde Thtmes e
242 1568 813 1740 bergeat met 3
132 1668 2978 1917 Rlijpende vnts de specificatie en benoeijinge van despriuualeen bijkalijn
2346 1832 2998 1949 Van Cinistel of batiecule
104 1835 2954 1994 Patticaloa, en tricoen male (als nogh niettwer onqueste, en Tcanmale weel
2374 1985 2986 2100 aen d H:r Gouv: Van goens
102 1976 2703 2157 Eijnde den Heere gouverneur den taet aen bevoeen; sonder gedifireert
94 2085 2264 2231 dat op die beijde tlaetsen na desen wederom doer een
2310 2189 3008 2313 egeen Capiteijns sullen
83 2221 2999 2398 Capitain, en niet Booger aes bequggne kendenants gevordeelt dier nadia vooigt in
96 2362 1069 2572 werden noigh te wesen
58 2538 2988 2766 ielende ij ders t onmandemen van deaae pijm onden onde in
93 2730 2997 2878 na de ordre vandgaelpe gijder oock moeden werden gegepanerrd nfanantnain na dal
2381 2777 2983 2931 Van Gale te Reguleren
81 2785 2395 3026 en geen dessave, maer alleen een Capirijn, en een p: bessape
78 2914 2042 3130 het bij militair of onderCoopman behoeven,
77 3057 1565 3235 een Coopman over d’ adminis spatie
84 3217 693 3343 een ooman en
847 3177 1382 3395 Pranaet
65 3317 662 3478 ven kuijgenan
71 3444 745 3602 een ondercoopman
1080 3448 1721 3642 desentijn e
68 3530 637 3714 penaendrigh
2321 3631 3007 3864 Projet ook op hagapatnan
336 3625 2105 3855 dae mede medesentee daganorant bij e
114 3846 2347 4008 tijden behoepen den Commandant oej luijtenant, en eig
123 3917 2239 4145 vaendrigh over de uilitie genoegh We, en en welckers
2007 4055 2309 4231 verd
