3003 4724
115 62 331 197 210.
109 163 324 343 210
709 475 2806 711 arten pit, en Hendrick van Ontvoorn anno voorleden
88 509 685 676 Teenden den Mmaster
1282 621 1403 684 2
94 648 698 736 Pit en Hend: van Outhoorn
696 657 2816 810 door de Hr:. ouverneur, saquet Caulier van daer
87 705 686 817 wert voor qialijck gedaen
78 763 366 890 aengesien
690 720 2843 930 na BBatavia; soo wert geoordeelt, daer omtrent
686 818 2777 1013 meer uyt Particuliere dristen, en passien, dan wel
594 979 2788 1105 tot C=o omp: waeren dienst, te sijn geprocedelrt
670 1118 2764 1270 en dat het respecti, der Joge regeringe alhiers bij
529 1176 2928 1397 sodanigen op zendinge zij perkort, en sulx die saecke
662 1308 2869 1521 van een quaet, en nadeeligh gevolge wert aengesien
653 1393 2964 1650 na dien, des wegen alvorens onse ordre, en toestemninge
648 1553 2812 1745 hadde behoren te weeden versoght, en afgewaght.
664 1692 2909 1952 Ende /waeromme dan jegenwoordigh, is geresolveert.
26 1793 657 1978 parelene de
658 1893 2902 2060 soo wel naer Cormandel, als alle andere gouverne„
32 1934 686 2039 Ooff Commandeurs sullen
12 2007 670 2104 Voortaen uijt eenige
683 1961 2888 2143 menten, directien, en Comptoiren, vande Comp:e jn
85 2068 661 2150 Gouvernementen off
46 2122 644 2220 Plaetzen mogen werden
703 2078 2879 2283 Jndia, tot den pmanent naregst, te ordonneren
60 2182 418 2304 opgesonden
646 2190 2782 2400 dat geen gouverneur Directeur, president
641 2332 2803 2503 Commandeur, Commandant off opperhooft, die aen
638 2405 2813 2609 dese hoge regeringe rekenschap van haer gedoente
629 2547 2782 2731 moeten geven, sonder onse speciale last, en ordre
633 2633 2677 2817 sullen vermogen hunne secunde personen, nogh
618 2775 2811 2924 subalterue Commandeurs, off commandanten, naer
658 2870 2909 3047 Batavia, ofte eenige andere plaetsen te versenden
7 2927 627 3100 Sonden Kennisse En
633 3018 2775 3139 sonder daer van alvorens kennisse te geven, En
2753 3011 2913 3183 —
-3 3068 627 3168 tolfte minige van batavia
0 3129 594 3258 Tn zij vver grove fauten
639 3100 2807 3274 liceutie toe te hebben, ten zij, om eenige publique
629 3185 2829 3347 grovefauten, particulieren handel, off andere crinten
464 3301 2811 3475 die geen uijtstel konden lijden; als wanneer met de
610 3424 2904 3619 stucken t' haeren laste p:r: eerste gelegentheijt mogen
614 3559 2991 3731 herwaerts komen, ende hoedanige oock omtrent de..
607 3665 2893 3816 mindere Dienaeren zal moeten werden gehandelt
3 3727 514 3895 D oende en beene
622 3742 2871 3939 met die voorsight, dat de goede en bequame, niet
29 3867 2895 4046 bitaren niet tigt vig sight vaerdighom een kleen, en overschoonlyck gebreck
-3 3926 310 4017 te Vr Stooter
616 4004 2846 4161 moeten verstoten, en uijt haer gelegentheijt geschopte
622 4094 2875 4267 werden. Inderwijlen, dat aen d’ andere zijde alle
2609 4220 2977 4359 secunde
2873 1942 2953 2062 1
2887 683 3013 815 _
