3075 4572
2729 9 2846 145 51
38 27 180 159 54.
2625 207 2808 323 o
123 197 340 382 54
631 551 2988 747 Bestcust, wel alle mogelijck devoir hebben aengewent
631 696 2793 851 met het derwaerts zenden van het jaght de schelvis
627 792 2869 964 ende den schipper David Davidsz: maer denselven
632 891 2667 1030 aldaer niet konnende uijtrighten, is genootsaeckt
630 1021 2767 1190 geworden vrugsteloos weder te rugh te keren: op
644 1121 2862 1260 alle het welcke serieuslijck zijnde gedelibereert, soo
621 1245 2737 1399 heeft de vergaderingh gemeent datmen behoudens
628 1349 2957 1554 Comp:s reputatie: net wel en zal konnen voorbij gaen
644 1487 2865 1625 daer van revengie te nemen, op dat de hier omtrent
633 1607 2913 1755 gelegene volckeren door het na laten niet te stouter
639 1705 2951 1866 maer ter contrarie afgeschrickt mogen werden van E
635 1800 2874 1999 sodanige bedrijven, en inporderijen tegen d’ E: Comp:s
631 1940 2820 2083 ende haere dienaren aente vangen, ofte te bestaen
630 2061 2869 2212 ende is daer op oock eenparighlijck goetgevonden..
632 2180 2813 2329 ende vastgetelt, met de bovengem:e 2: bodems na
649 2279 2923 2450 de estcust te laten afgaen, een getal van 100:
79 2312 646 2455 i des aen 100 hultinen
98 2427 598 2520 nade Westcuss mede
639 2402 2919 2579 1 lederlantse militairen, soo tot versterckingh: van ons
94 2480 343 2594 te enden
639 2532 2911 2714 guarnisoen aldaer, als tot uijt voeringh van ons voor.
641 2651 2877 2849 nemen op het geme: Eijlandt de goede fortuijn, en
632 2766 2997 2903 om de Iuwoonders aldaer jndiense ons geen behoorlijcke
623 2864 2876 3077 Iatisfactie geven. haere verdiende straffe te doen
634 3012 2879 3185 hebben;, sullende de geene die wij jn dien oorlogs
105 3003 548 3156 Ende Gerangenen
103 3109 588 3205 diense krijght inde
664 3151 2894 3280 gevangen bekomen almede jnde bovengemelte gout„
97 3176 632 3309 Goutmjn te gebrulijken
640 3240 2109 3402 mjne konnen worden gebruijckt
641 3381 2907 3560 de Br ordinaris raad van India Pieter van Boorn
80 3404 607 3595 D Heden
94 3525 625 3674 op zijn V: bork v: E:
643 3524 2800 3690 al zedert den Iaere 1663. geweest zijnde politijcq
112 3617 652 3725 15 Jarigh Commissaris schap
652 3644 2835 3757 Commissaris jn kercken raade, heeft nu gansh ernstigh
95 3678 516 3766 in kthen Raade
103 3745 378 3841 Ontflagen
662 3723 2797 3906 versoght van dat Ampt geexculeert te moten zijn
653 3834 2880 4032 alskonnende veeltijts door jndisppositie en swackheijt
547 3930 2737 4121 deselve vergaderingh niet bijwonen; waer op
2458 4101 2748 4263 zijnde
2980 1670 3044 1740 5
