3159 4638
52 4 256 188 358.
115 155 340 322 308
2461 268 2603 425 n
509 455 2801 669 mogengeteleeden, en daerom det uijtvoeringe der
560 637 2882 800 dewijking van ende mene oock verstaen den Coopman
9 668 523 825 en daerom d’ E van
11 785 509 877 leene ook als nogh
507 753 2832 959 vann ene als noge mede tot Commessarte over boorbeijde:
7 831 527 937 tot Commissaris mede
8 909 405 1011 over Jambij te
523 892 1858 1100 Comptoir dan bijde Coimmden
5 979 303 1073 continueren
560 1015 2853 1246 r: verits op de dongst onsange valembangee peper een
519 1175 2878 1342 bovenmaar geoete onderwighe md 103: perl= bijbevonden
7 1268 500 1411 op de suijverheijt des
511 1326 2847 1497 soo bae ontdeweeden geordomweerd op de buijverheijd Eeibelke
7 1372 505 1471 defers, en den ontfang
15 1444 560 1514 tot Palembangh nauw
8 1503 232 1583 delelben
580 1463 2544 1603 den ontfange nadesen mulver te moetenletten
515 1602 2675 1798 hunne desen Jaar dver malacca na makilipatnam
0 1629 500 1824 de khuij des he
-3 1794 490 1903 aengeleijt om doer
530 1805 2838 1925 en van daer met de genoone moorse pracht goederen taed
7 1866 504 1948 Malacca met Vragt
14 1926 535 2064 Goederen Van Masulip
555 1899 2890 2086 dersia te gebuijcken, en waertoe de tijdt al begng te naken
10 1993 500 2131 naer Persiate gaen
509 2029 2666 2284 de aengeleijt tet Schuijtschip dilss haven, sijnde ven
603 2195 2883 2420 socken bodem, en oock al van goede accomodatie voor de
508 2350 1713 2565 mede overvarende passagiers
401 2533 2968 2797 Batavia in 't Casteel datum als doren
2065 2734 2677 2970 Dien gor p
2176 2999 2993 3182 GnBuak
2237 3301 2980 3554 en Pnthooris
2092 3621 2934 3882 Van an erin
