3066 4462
71 4055 186 4157 do
2567 67 2754 244 4.
-34 72 69 228 3
6 370 2482 564 „2: d:o 't bevo ande tteglen en't dato 3:' Julij van gequalificeerde vie n of
2540 454 2922 608 N: 402
422 504 1865 654 Corma als nogh te doen 't fantgrijpen--
256 595 2590 748 en t verhoogen der kostgelden aen sonnenge dienaren buijten onr uir aff te schaffen...
114 694 2936 869 deinistrs bevorens daer in fuuntie: geweest, sullen vooreerst nogh mogen contijnden „ 402.
254 800 2565 949 't getal Van militairen tot paliacatta, maghbij tijden van swarigheijt Wel mat
509 912 1636 1044 borten 100. man werden de meerdert
126 1009 2602 1174 E.d’ affgeleefde onbequame tergeanten tot Paliacatta 4. pag:s smaents te gele
550 1134 1041 1297 sonder meer.
237 1219 2598 1380 licontie om het Huijs van den damde persoon tot Paliacatta tebertimmeren,
261 1319 2606 1518 de Heeden op Cormandel bove de G p:r loiaents op IntieT op
542 1457 1674 1622 soo veel mogelijck aff te leggen - - - . .
269 1518 2589 1726 Calculatie dat dit Jalr een ontset van 18. Com: en gouts op Connand:
2604 1661 2718 1774 „ „
566 1681 975 1795 aenkomen
260 1751 2717 1903 de fleuijt aerdenbugh tot Ipael der tetouren 2. toghten naer Pegu te laten doen . . „
275 1905 2673 2052 Ende mesnagiense verstreckinge en de schepen op de cust na onseordie te handelien„
2604 1974 2989 2141 „ 403.-
277 1990 2291 2155 een Leijl sloep: Voor mahulipat a . . van Ceijlon te doen besorgen . . .
-4 2105 2614 2282 3: do alden voorrael van peper tot malacca te ordonneren met de pijl naer Ceijlon
2505 2151 2956 2350 . . . „ 404:
547 2243 973 2369 te senden ...
-8 2300 77 2420 1
303 2323 1718 2473 tott negotie op tutucorijn, en Nagapatnam
272 2416 2542 2552 verdeelinge vande Japanze fetouren. Item den thin N:o. op Malacca Voor
2645 2476 2774 2638 „
511 2515 1437 2682 d’' Indize quartieren te doen.
144 2597 2917 2784 ’t Coperbij minder ontfangh als 10000. sd:s uijt Japan na Hato te verminderen . „ 905.
271 2714 2537 2894 de camphur en thin, die er bosen de Eijsschen mogt overigh wesen: van
608 2820 1675 2982 Malacta Herwaerts tesonden - . .
28 2852 118 2943 „
201 2948 2577 3122 J. alle moorze handelaers sonder onse passen op malacca aenkoment; met
-2 3014 83 3122 2
595 3043 1489 3189 arrit te becommeren.
240 3110 2551 3317 dogh met Eigel: off deenze possen voorsien zijnde, voor d’ eerstemael met
2655 3189 2960 3365 „ 406:
420 3263 574 3350 „
616 3281 2198 3409 betalinge van 20. p:s L=o thol te laten volstaen - - - -
195 3348 2743 3507 E Wlaer andermael wederkoment E, almede met grrest tegen te procederen - - - „
270 3482 2200 3630 „Egter met voorsicht sonden d’ Europeze kunden te ofihiceren . ...
280 3564 2802 3733 aeraend poetugeze passen geen Espect/dra - - - - - - - - - . . - „ —
310 3680 2662 3866 om dat zj ons met sulcke: en slimmer proceduren op de Ciul van Jndia selff
2614 3818 2736 3943 „
565 3821 1045 3983 sijn voorgegaen
284 3939 2782 4077 de plaaaten tegait Verbot van allen handel buijten de Comp: alhier Jongst geemander „
325 4046 1444 4210 op Malacca mede te doen obzergeren
