3078 4702
2 599 81 725 16
58 -4 276 164 248.
113 147 358 308 248
48 484 544 761 te beheden
41 748 637 850 suijker eijsch Voor ersia
33 803 649 940 Jead Ruijm te lasz: voldoe
27 1164 636 1355 Te enng e ijle
45 1299 646 1410 doeken &: Jalrlij uijt
53 1365 496 1459 persa weder in
38 1404 626 1534 ontanten nabengale
42 1494 509 1615 te dot bestellen
21 1836 536 2014 dn nden koopman
31 1965 633 2087 Jonn: Ptos uijt bengale
41 2015 626 2165 te doen Herrderts Enken
28 2696 558 2858 d'opperl oop heden in
26 2815 580 2912 Souratta bengale en
39 2856 616 2994 Cormalidel niet Hogt
22 2954 660 3091 te Gagieren als tot 80.
23 3032 590 3192 Maerdie in Amboin
25 3151 570 3250 banda ternaten
24 3228 613 3325 tijds Expiratie tot ƒ100:
51 3281 402 3405 sonde meer
638 488 2756 668 bevondenden agteerhael mogende wijders; den
809 650 2919 785 ngaelsen duijcker vijfet, voor persiaiecindt
662 761 2993 904 ruijm werden voedaen, om dat men van die Coopmanszp
672 868 2988 1014 een vrooter qmeantieijt van sier cal konden dewaerts
633 954 2892 1155 senden, met jntentie om voegens  voorstel van die
651 1100 2873 1271 van Bergale aenden Pirdgeer jn persia te
657 1183 2825 1352 ordonneren dat zij omtrent zoo peel Capitael
657 1299 2942 1480 als bet Dengadese zuijcker, en ander Cargaloen
642 1415 2925 1565 zal komen te gecopen, daerlijcx jn contante spetie
641 1535 2876 1683 tot, nieuwen Jncoo weder zullen hebben derwaerts
650 1639 1320 1828 a testeke I:
636 1838 2887 2056 zynde voorts nogs vpae, den onder coopman Ioannes
667 1995 2913 2148 Roos, uyt engale te laten zerwaerts komen
636 2076 2752 2229 dinie hier off Elders geemploijeert te werden
641 2241 2844 2459 gesproken wesende vande gagien, en verbeteringen der
629 2376 2864 2541 oppercooplieden op de respective Comptoiren van Jndia
624 2536 2832 2683 soo is jegenwoordigh naer deriens overligsten dicamael
629 2680 2812 2813 gehouden deligeratie tot een parmgueute ordre
628 2726 2750 2913 geresolveert, dat de oppercooplieden in Souratta
666 2824 2870 2998 Deugale en op Cormandel voortaen met Joger
641 2977 2982 3151 sullen werden gegagieer als tot taghentigh guldens.
627 3065 2843 3251 ter maent, onder meer maer dat die jn Amsna
642 3185 2807 3342 Dande Ternaten &: om de schiaalheijt derselver
636 3299 2743 3440 landen. na tijts expiratie sullen mogen werden
605 3426 2973 3587 „ge advanceert tot hondert guldens dogh oock niet soger„
645 3610 2662 3809 de Curateurs des Boedels van d: Ed:e heer
630 3773 2834 3938 Gouverneur gener:s Joan laetsuijckers H: L: M:
590 3841 2768 4041 hebben op heden jn raade van India, over gelevert
548 3943 3001 4149 de reeckening= der onkosten van zijn Ed:s E: begraeffnisse
616 4054 2760 4242 monterende een Somma van rxd: 5880½: omme
2502 4213 2838 4392 aghter
