3159 4692
39 23 260 230 492
78 207 321 411 490
35 504 392 704 benende
-7 557 523 767 dente ee
2 741 524 853 affrobeert tegen den
3 810 472 906 Slaeff Mange Van
3 883 510 1022 bouton, over begaane
1 954 212 1061 oort
2540 607 2767 761 Jonge
539 705 2659 898 geintenteert degene mange van boen, vijff eijgen
528 807 2010 1001 vanden drijc ooman abrakam wijs
1994 801 2640 1012 det
515 985 2755 1151 op 18: augustij verleden boven int papilioenspel, derst
519 1047 2860 1234 nen in deblaefs zorden van mallabaa door Een parsingp
765 1176 2682 1354 we quedenden dmtleven gebbiens Enbaedm
518 1342 2692 1480 wijt bekee blavens:t getact annikadan malabad
537 1475 2663 1658 oock met gekhap hij hooft geoucts t beift  Wedlegen
511 1568 2439 1796 ten belven belinghant dan 6„ Bores bescoonen
525 1694 2618 1928 gecondemmert: rage hoorde aln ven galger ges ctaft
522 1832 2688 2061 vrgeng dutjer de dost jae vaghe, ichppes me d
525 1958 2531 2201 kicken daer toe dienende, aandaghelijck gegesui
528 2080 2543 2325 wesende, soo is die sendentie soodaigh als ooer pendn
614 2208 2012 2454 gvil dinpanigs snte
556 2534 2712 2724 Batavia, in Hastia Aatam Als ooren
1591 4026 2620 4271 W: van Phe
1929 4258 2638 4518 Joan Camphe in
