3141 4516
2810 179 2967 330 91
505 475 2490 665 Tijdagh 22. April 1810
2455 1103 2558 1211 die
244 1112 2583 1274 Op het rapport vanden Equippagiemeester en gecommitt:
248 1286 2396 1401 schippers dat 'er jn't schip 't Eijlandt mauritius, bij vorige
250 1366 2489 1482 resolutie na Jambij aengeleijt, na het opgeven der
255 1461 2535 1629 refstanten, en Het maecken vanden Inventaris, om dien
243 1587 2451 1745 bodem voor de poijagie op nieuw te pictualieren noge
247 1722 2329 1865 waeren bevonden. 6 vaten speck. 3 vaten vleesch.
241 1833 2550 1989 2 vaten azijn, 2 halffamen boter 3 vaten sout 2 salff„
243 1925 2371 2109 amen traen. 2½ leggers arack, nevens nogh eenige
258 2051 2391 2232 andere scheeps eaipagie behoeften, die dan noot
2458 2135 2565 2246 in
231 2190 2537 2343 saecklijck bij den schipper tegens de ordre vande Comp:
2544 2066 3088 2378 Je Mende
233 2280 2305 2450 zijn agster gehouden; soo is ooetgevonden gemelte
2491 2338 3080 2440 gilde over 't aghter
2532 2409 3127 2515 houden enger provisien
230 2402 2469 2570 schipper genaemt Adriaen de thiede. van't schip afte
2528 2471 3109 2578 van ’t schip Mauritias
2555 2541 3068 2646 te ligten en door den
250 2512 2524 2658 lighten, en over die foute door den fiscael te doen aenspre
2557 2596 3105 2730 stail te doen anspreken
247 2639 2468 2794 ken. latende onderwijlen jn zijn plaetse weder overgaen
2458 2702 2521 2783 —
2497 2681 3063 2853 Sipen Thais
244 2741 2404 2857 den schipper theunis gijsbertsz: jongst met de Cabellauw
2511 2816 3041 2924 GijeH Weder Op
252 2853 2421 2944 vande Caeb gekomen, en zedert eenigen tijt sonder
2481 2886 3043 3006 Matrtus gestelt
243 2929 1245 3075 Emploij geweest hebbende
307 3105 1697 3248 Bijden E fiscael van India
1763 3107 2557 3286 Qualter Zeemen
248 3232 2619 3386 gerapporteert zijnde, dat eenige borgers, en andere somwijlen
2506 3362 2596 3470 op
2584 3303 3088 3460 suspitie dat eenigs
241 3321 2326 3492 souden onderstaen, en haer niet ontsien bij en omtrent
2297 3376 2368 3466 —
2531 3425 3041 3534 borgers op eenigs
217 3445 2504 3581 Bantam. als de straads Sunda, te cruijssen, op de aen„
2531 3466 3112 3615 Vartiailer lorrendrag
2543 3562 3112 3695 rj in de trattsunde
247 3553 2443 3734 komende schepen van herwaerts en derwaerts ende uijt
2544 3630 2825 3753 kruijssen
239 3674 2560 3807 deselve overnemen de particuliere goederen, die 'er moghten
251 3775 2515 3935 jn zijn, dewelcke alhier dan niet konnen werden aenge„
240 3887 2530 4027 haelt off geattrappeert, gelyck onder anderen den Borger:
247 4012 2340 4152 Marinus vander steure. soude wesen gesuspecteert
2329 4037 2500 4142 —
2197 4101 2399 4276 jegen
2924 40 3038 176 91
3096 3468 3152 3588 1
