3156 4704
156 166 371 358 30
-3 506 316 728 20: d:o
992 380 1644 588 Augustij
371 503 2903 719 de Jonghst gesonde metbode daer omtrent Goet. . . . . . . . . . . . . . No 291.
2436 661 2743 798 „
297 701 2094 801 maer de scherpe Visites na desen terexcrisene - - - - - - . . .
326 743 2748 867 en aen die ment niet kan weijgeren voor als nogh zeebrieven te verteenen - - - „. -
321 835 2600 948 de nabab aminchan, bij sedelijke Liqidatie van Heerf: met 2„ â 3. Elipheenten
2571 868 2908 1058 „ 292:
2069 957 2348 1076 „
661 949 1913 1081 te beschencken - - - - - - - - - - - - - - - - - - -
309 1017 2443 1163 en sijne, als des souratzen Gouverneurs trundschap te conserseren - - -.
310 1116 2705 1292 Approbatie van Paulus de Noo, en andries minnes tot adsistenten met 24. gl: . . „
2617 1224 2723 1370 „
322 1226 1909 1393 en aert spender tot Jonghads: 't ten . . . . . . . .
329 1358 2178 1487 onder verbot van geen meer Jonghadsissenten te maken . . . .. .
297 1436 2286 1581 Aparte ordres Voor d' Heer Commissaris Daniel paroe.
296 1505 2604 1706 nader ondersoek te doen op het te last geleghde van d’ Heer volger, tegen d’E:
2641 1607 2706 1758 „
665 1660 1458 1812 Oosterwijch en bacheis.
341 1734 2637 1925 en off er geen andre sufficante Coopluijden souden wesen. tot Verkoop van ’s Comp
2640 1815 2912 2004 „ 293.
614 1848 2181 2009 Coopmans: als den maekelaer tissendas - - - - -
2641 1982 2706 2066 „
300 1951 2536 2147 den verkoop tijt daer na, en daer toe tottet Eijnde eens aff te wachten - - - -
342 2058 2755 2196 al souwestorck een geheel baijsoen sonder derkoop Vruchieloos mede doorloopen . . „
349 2178 2723 2311 maer bij vreese van quaden uijtslagh dit Jaer daermede nogh liever te temporiseren
361 2331 2744 2428 den mackelaer kissendas bij nader Heratijff versoek van Comp: diensl te ontslaen„
360 2422 2640 2534 de nauwse onderlinge Correspondentie der Maekelaer Van Souvatta en andie
2681 2465 2964 2640 „ 294..
707 2506 1519 2649 Comptoiren ondiens sigh.
356 2608 2672 2744 oper 't accoort tot aenbreigh van geen meer tompen, en 't verschil der Jnteeff
684 2704 1644 2853 gelden nader enguest te doen.
337 2777 2642 2962 ondersoek te doen offnen de souratzetlegotie niet voor’t meeendeel op ’t hoft,
659 2899 1643 3056 „comptoir souw konnen trecken
344 3017 2815 3154 Comp: dienaren moeten daer Voortaen sulx in de tlegotie wal meer vigileren - - „ —
159 3147 2640 3314 _o nader engrueste oock te doen wegens ’t te last geleghde van dB:r volgen, tegen
648 3221 2589 3401 d’ Handries bogaert, en den Coopman bondd - - - . - - - - .
382 3313 3002 3496 na persia Werden de voorstaende ordres na bouatta mede genecommandeert „ 295.
412 3436 2724 3606 den ontfangh der Zijde in persia, hoewel seerschadelijck, ons vooreeist
714 3556 1701 3715 nogh tegetroosten - - - - - - „.
262 3626 2135 3837 Maer op de deright derselvte in den ontfangh nauw te letten
375 3777 2706 3937 de adoes en Intentie van d’' H:r directe ur Jn't teguard vanden ontfanghder zeijde
696 3874 2310 4036 en den boosen Janrouzen Gouverneur geapprobeert
381 3936 2951 4163 en soo mede de goede voorsorge tegen de quade minees van gem: Houv:s . . . „ 296.
291 4080 2215 4267 : als 't weijgeren der onreghtmatige betalinge van ƒ 10200. — —
2948 1505 3048 1627 as
2933 -21 3060 69 „-
2888 278 3047 393 1.
2928 477 3082 607 P
