3160 4638
37 5 283 164 356.
231 139 458 304 336
2517 242 2725 407 12:
500 434 2596 639 herwaarts op de ontbieden,omme van sijn
526 655 2742 786 gedoente behoorlijck ken en sehenschapen geven
532 785 2862 938 gelijck mnde daer beneffene desselfs socunge den boektondet
7 771 513 919 Phiede Sijn Situnde
12 873 534 972 den Boekhouder Pitte
507 895 2849 1069 piet schuijffangh om seden als vooren sal moeten berwt
38 940 395 1078 tehuijffrangh
545 1054 2844 1210 gesondenn worden, ofte ten waare den boepen nogh voor eenige
7 1042 515 1217 van bij de ullena
-6 1192 492 1283 dem schuijfftangh
541 1132 2655 1355 tijd aldaer bij gebreck van twaaren, en tael undige
-1 1255 488 1339 daer vogt voor Eenige
56 1320 419 1460 edigs hadde
455 1325 2860 1510 suppoosten nodigh as, nae dat gemelden dcommit daris
513 1396 2785 1653 van sejnen sulx ten meesten dienste van de Comp:s sijl
504 1543 2769 1750 en dacr: P: odias agtben; en vacomme dan bock voor
500 1702 2584 1888 noot atelick teedt gehonden dat den bdeven boo het
497 1842 2818 2040 heikoelinge den isnden als de voortseinge des gervaleen,
8 1887 492 2025 en Wilken Van lelne
8 1992 528 2095 derhalven tot herftel
5 2056 498 2148 alinge van dat camein
452 1990 2858 2187 vandele noge voor eerst Jonigen ijht aldaer in die Commissie
18 2124 468 2231 nath eenigen tijt in
26 2171 486 2268 diecommissie sal
10 2169 1393 2350 znen te bondiniere lid omnneren
553 2332 2823 2597 sp: dewijle het schip den endragt loets gevictuatieert
18 2448 503 2639 H d endrigt
555 2556 2834 2745 gereeftegte, se verstaen derselve odrond hie midder
1 2602 517 2709 in 8. dagen va palkens
7 2669 519 2803 te laaten Voortgaen
516 2679 2676 2847 der aanstaende welck derwaerts te laaden voortzaen
491 2858 2705 3032 sooder jnmiddens geen tedenen ter contratie, ofte van
491 2926 1842 3113 opschoinge te booren zomen
491 3127 2739 3310 westusschen dnden oock voorte de besomgnse bij den
-2 3254 497 3403 d’ Ampliatie Vant
497 3262 2679 3459 meer gerepewerden van Edenen in het amplieren en
12 3369 504 3462 Palembangze Contra
-7 3410 507 3520 door den Commissaais
523 3411 2803 3576 verbeterk van tangst gemaacte Contract met den suldan
-3 3491 507 3580 van leenen gemakt
-10 3555 464 3654 ip ’t Reguard des
508 3567 2763 3739 van paleimbange en sonderwijt Jntehuard des revers. vo:
3 3593 503 3766 Peers Giaferobeert
492 3685 2858 3894 wee beleijt, en goet aengesien, als maer het verbode van den
483 3857 2915 4073 aenbrengs der cleelen en ampeigen door andere puklande.
2492 4061 2782 4212 wert
