<?xml version="1.0" encoding="UTF-8" standalone="yes"?>
<PcGts xmlns="http://schema.primaresearch.org/PAGE/gts/pagecontent/2013-07-15" xmlns:xsi="http://www.w3.org/2001/XMLSchema-instance" xsi:schemaLocation="http://schema.primaresearch.org/PAGE/gts/pagecontent/2013-07-15 http://schema.primaresearch.org/PAGE/gts/pagecontent/2013-07-15/pagecontent.xsd">
    <Metadata>
        <Creator>prov=University of Rostock/Institute of Mathematics/CITlab|PLANET AI GmbH/Gundram Leifert/gundram.leifert@planet-ai.de:name=Dutch Mountains (18th Century)(htr_id=21683)::::v=2.6.6
prov=University of Rostock/Institute of Mathematics/CITlab|PLANET AI GmbH/Tobias Gruening/tobias.gruening@planet-ai.de:name=de.uros.citlab.module.baseline2polygon.B2PSeamMultiOriented:v=2.6.6
prov=University of Rostock/Institute of Mathematics/CITlab|PLANET AI GmbH/Tobias Gruening/tobias.gruening@planet-ai.de:name=/net_tf/LA73_249_0mod360.pb:de.uros.citlab.segmentation.CITlab_LA_ML:v=2.6.6
Transkribus</Creator>
        <Created>2020-09-07T17:36:56.809+07:00</Created>
        <LastChange>2020-09-07T16:05:01.386+02:00</LastChange>
        <TranskribusMetadata docId="471980" pageId="19528344" pageNr="164" tsid="39442956" status="IN_PROGRESS" userId="15017" imgUrl="https://files.transkribus.eu/Get?id=IIOYTXKCCKFOVRDECSWDOJLS&amp;fileType=view" xmlUrl="https://files.transkribus.eu/Get?id=JNTKQKTHINRBERFVZIHUKHKT" imageId="15088181"/>
    </Metadata>
    <Page imageFilename="ID-ANRI_K66a_890_164.jpg" imageWidth="3045" imageHeight="4591">
        <ReadingOrder>
            <OrderedGroup id="ro_1620456105839" caption="Regions reading order">
                <RegionRefIndexed index="0" regionRef="r1"/>
            </OrderedGroup>
        </ReadingOrder>
        <TextRegion orientation="0.0" id="r1" custom="readingOrder {index:0;}">
            <Coords points="27,67 27,4168 2961,4168 2961,67"/>
            <TextLine id="r1l1" custom="readingOrder {index:0;}">
                <Coords points="35,133 86,116 107,135 155,136 178,155 226,153 230,10 125,13 101,36 80,38 59,23 38,22"/>
                <Baseline points="50,113 77,114 104,116 131,119 158,119 185,119 213,114"/>
                <TextEquiv>
                    <Unicode>164</Unicode>
                </TextEquiv>
            </TextLine>
            <TextLine id="r1l2" custom="readingOrder {index:1;}">
                <Coords points="58,389 92,379 118,393 150,369 183,363 206,374 237,367 269,385 296,375 308,229 263,237 240,217 225,225 210,218 176,236 141,224 124,205 111,216 73,207"/>
                <Baseline points="77,330 102,334 128,338 154,340 180,342 206,344 232,345 258,347 284,348"/>
                <TextEquiv>
                    <Unicode>164:</Unicode>
                </TextEquiv>
            </TextLine>
            <TextLine id="r1l3" custom="readingOrder {index:2;}">
                <Coords points="533,531 2302,588 2954,480 2955,349 2704,237 2405,382 2232,256 1849,276 1718,186 1526,296 1392,214 1086,387 533,444"/>
                <Baseline points="549,491 668,495 788,501 907,504 1027,507 1146,509 1266,510 1385,510 1505,510 1624,510 1744,510 1863,509 1983,509 2102,507 2222,507 2341,507 2461,507 2580,507 2700,509 2819,510 2939,513"/>
                <TextEquiv>
                    <Unicode>Lijnsdagh 21:e Junij 168:</Unicode>
                </TextEquiv>
            </TextLine>
            <TextLine id="r1l4" custom="readingOrder {index:3;}">
                <Coords points="2762,648 2780,645 2792,652 2804,646 2819,661 2834,664 2849,658 2876,658 2876,566 2847,565 2837,574 2799,583 2787,574 2763,574"/>
                <Baseline points="2778,647 2805,653 2833,653 2861,648"/>
                <TextEquiv>
                    <Unicode></Unicode>
                </TextEquiv>
            </TextLine>
            <TextLine id="r1l5" custom="readingOrder {index:4;}">
                <Coords points="617,1061 2808,1070 2808,1011 2426,985 2217,885 1911,995 1613,919 617,995"/>
                <Baseline points="632,1032 740,1038 848,1041 956,1043 1064,1046 1172,1047 1280,1049 1388,1050 1496,1050 1604,1050 1712,1050 1820,1050 1928,1050 2036,1049 2144,1049 2252,1049 2360,1049 2468,1049 2576,1049 2684,1049 2793,1050"/>
                <TextEquiv>
                    <Unicode>Zewijle de Hr. Willem van Outhoorn bij resolutie</Unicode>
                </TextEquiv>
            </TextLine>
            <TextLine id="r1l6" custom="readingOrder {index:5;}">
                <Coords points="628,1164 2882,1190 2881,1094 2547,1050 1638,1125 628,1089"/>
                <Baseline points="644,1143 755,1146 866,1149 977,1151 1088,1153 1200,1154 1311,1155 1422,1155 1533,1155 1644,1154 1756,1154 1867,1152 1978,1151 2089,1151 2200,1149 2312,1148 2423,1146 2534,1145 2645,1145 2756,1143 2868,1143"/>
                <TextEquiv>
                    <Unicode>van 10: maij jougstleden, in plaets vande H:r Anthonij.</Unicode>
                </TextEquiv>
            </TextLine>
            <TextLine id="r1l7" custom="readingOrder {index:6;}">
                <Coords points="633,1317 1915,1252 2581,1320 2701,1278 2701,1174 633,1185"/>
                <Baseline points="647,1259 749,1260 851,1262 953,1262 1055,1263 1157,1265 1259,1265 1361,1265 1463,1265 1565,1266 1667,1266 1769,1266 1871,1266 1973,1266 2075,1266 2177,1266 2279,1266 2381,1266 2483,1266 2585,1268 2687,1268"/>
                <TextEquiv>
                    <Unicode>Pavilioen, is genomineert, tot kerckmeesten der</Unicode>
                </TextEquiv>
            </TextLine>
            <TextLine id="r1l8" custom="readingOrder {index:7;}">
                <Coords points="2866,1324 2902,1326 2919,1350 2931,1355 2939,1356 2950,1348 2970,1352 2985,1254 2931,1246 2911,1261 2893,1243 2878,1241"/>
                <Baseline points="2883,1307 2909,1315 2935,1318 2961,1319"/>
                <TextEquiv>
                    <Unicode></Unicode>
                </TextEquiv>
            </TextLine>
            <TextLine id="r1l9" custom="readingOrder {index:8;}">
                <Coords points="12,1378 177,1408 427,1377 652,1401 649,1213 577,1214 468,1272 375,1256 301,1293 264,1272 193,1294 11,1288"/>
                <Baseline points="27,1373 57,1376 87,1378 118,1382 148,1383 179,1383 209,1383 240,1383 270,1383 301,1382 331,1380 361,1379 392,1379 422,1377 453,1376 483,1374 514,1373 544,1373 575,1371 605,1373 636,1373"/>
                <TextEquiv>
                    <Unicode>d' H:r Outhoorn kerser:</Unicode>
                </TextEquiv>
            </TextLine>
            <TextLine id="r1l10" custom="readingOrder {index:9;}">
                <Coords points="639,1405 1115,1371 1586,1460 1694,1379 2050,1387 2686,1465 2974,1406 2774,1283 2600,1345 2236,1274 640,1318"/>
                <Baseline points="653,1379 768,1379 883,1379 998,1380 1114,1380 1229,1380 1344,1380 1459,1380 1575,1380 1690,1380 1805,1382 1920,1382 2036,1382 2151,1383 2266,1383 2381,1385 2497,1385 2612,1386 2727,1388 2842,1389 2958,1391"/>
                <TextEquiv>
                    <Unicode>nederlantse kercke deser stede, soo is als nu verstaenn</Unicode>
                </TextEquiv>
            </TextLine>
            <TextLine id="r1l11" custom="readingOrder {index:10;}">
                <Coords points="21,1467 628,1453 626,1384 458,1395 431,1375 351,1401 264,1386 199,1403 19,1387"/>
                <Baseline points="35,1445 63,1446 92,1448 121,1448 150,1449 179,1449 208,1449 236,1449 265,1449 294,1448 323,1448 352,1446 381,1445 410,1443 438,1442 467,1440 496,1438 525,1436 554,1434 583,1433 612,1431"/>
                <TextEquiv>
                    <Unicode>soo wel Van d’' Inlandzo</Unicode>
                </TextEquiv>
            </TextLine>
            <TextLine id="r1l12" custom="readingOrder {index:11;}">
                <Coords points="642,1520 2916,1508 2602,1416 642,1410"/>
                <Baseline points="657,1502 769,1499 881,1496 993,1494 1105,1493 1218,1491 1330,1490 1442,1488 1554,1488 1666,1488 1779,1488 1891,1488 2003,1488 2115,1490 2227,1490 2340,1491 2452,1491 2564,1493 2676,1494 2788,1494 2901,1496"/>
                <TextEquiv>
                    <Unicode>zijn E: oock het kerckmeesterschap, vande jnlantie</Unicode>
                </TextEquiv>
            </TextLine>
            <TextLine id="r1l13" custom="readingOrder {index:12;}">
                <Coords points="37,1536 146,1517 216,1544 278,1517 434,1529 529,1507 581,1531 643,1517 640,1454 33,1458"/>
                <Baseline points="50,1520 78,1518 107,1517 136,1517 165,1515 194,1514 222,1514 251,1512 280,1511 309,1510 338,1509 366,1508 395,1507 424,1506 453,1505 482,1503 510,1502 539,1500 568,1498 597,1496 626,1494"/>
                <TextEquiv>
                    <Unicode>als nnderlandse, en al de</Unicode>
                </TextEquiv>
            </TextLine>
            <TextLine id="r1l14" custom="readingOrder {index:13;}">
                <Coords points="17,1629 71,1645 112,1602 219,1586 286,1629 412,1634 456,1623 453,1528 312,1514 259,1537 149,1544 127,1524 13,1525"/>
                <Baseline points="32,1586 57,1584 83,1583 108,1583 134,1583 159,1581 185,1580 210,1580 236,1578 261,1578 287,1577 312,1577 338,1575 363,1574 389,1573 414,1572 440,1571"/>
                <TextEquiv>
                    <Unicode>Ketcken alhier</Unicode>
                </TextEquiv>
            </TextLine>
            <TextLine id="r1l15" custom="readingOrder {index:14;}">
                <Coords points="626,1628 2928,1638 2817,1500 2210,1573 2058,1492 1855,1576 824,1490 626,1550"/>
                <Baseline points="641,1617 754,1619 868,1619 981,1619 1095,1618 1209,1617 1322,1616 1436,1614 1549,1613 1663,1613 1777,1611 1890,1610 2004,1610 2117,1610 2231,1610 2345,1611 2458,1613 2572,1614 2685,1617 2799,1622 2913,1626"/>
                <TextEquiv>
                    <Unicode>kenck jn plaetse van de H:r ont ordinarij raadt faurens</Unicode>
                </TextEquiv>
            </TextLine>
            <TextLine id="r1l16" custom="readingOrder {index:15;}">
                <Coords points="616,1777 2120,1728 2756,1787 2908,1778 2909,1671 617,1640"/>
                <Baseline points="632,1721 745,1725 858,1730 971,1733 1084,1734 1197,1736 1310,1736 1423,1734 1536,1734 1649,1732 1763,1731 1876,1730 1989,1728 2102,1728 2215,1728 2328,1728 2441,1730 2554,1733 2667,1737 2780,1743 2894,1751"/>
                <TextEquiv>
                    <Unicode>pit, met eenen aente bevelen, ende alsoo generalijck</Unicode>
                </TextEquiv>
            </TextLine>
            <TextLine id="r1l17" custom="readingOrder {index:16;}">
                <Coords points="617,1874 1980,1845 2165,1919 2356,1849 2646,1881 2646,1773 616,1778"/>
                <Baseline points="632,1841 731,1844 831,1846 931,1847 1031,1848 1131,1847 1231,1847 1331,1845 1431,1844 1531,1843 1631,1841 1730,1839 1830,1838 1930,1838 2030,1836 2130,1836 2230,1836 2330,1836 2430,1838 2530,1841 2630,1844"/>
                <TextEquiv>
                    <Unicode>het oplight, over alledekercken te deser plaetse.</Unicode>
                </TextEquiv>
            </TextLine>
            <TextLine id="r1l18" custom="readingOrder {index:17;}">
                <Coords points="541,2106 2849,2092 2703,1963 2472,2042 1788,1947 1116,1983 955,1914 838,2012 542,1948"/>
                <Baseline points="555,2070 669,2069 783,2068 897,2067 1011,2066 1125,2066 1239,2064 1353,2064 1467,2064 1581,2064 1695,2064 1809,2064 1923,2064 2037,2066 2151,2067 2265,2069 2379,2070 2493,2073 2607,2076 2721,2079 2835,2082"/>
                <TextEquiv>
                    <Unicode>Nadien ons uijt de advijsen. van den _: Command:</Unicode>
                </TextEquiv>
            </TextLine>
            <TextLine id="r1l19" custom="readingOrder {index:18;}">
                <Coords points="641,2204 912,2265 1209,2171 2975,2215 2761,2092 2632,2150 1888,2071 1759,2139 641,2102"/>
                <Baseline points="657,2183 772,2183 887,2181 1002,2181 1117,2180 1233,2180 1348,2178 1463,2178 1578,2177 1693,2177 1809,2177 1924,2177 2039,2177 2154,2178 2269,2180 2385,2183 2500,2186 2615,2189 2730,2194 2845,2199 2961,2207"/>
                <TextEquiv>
                    <Unicode>Isaacq de s:e Martin, en raadt tot Iapare, soo even</Unicode>
                </TextEquiv>
            </TextLine>
            <TextLine id="r1l20" custom="readingOrder {index:19;}">
                <Coords points="645,2333 2056,2311 2449,2382 2576,2308 2898,2321 2899,2261 2556,2189 1848,2186 1677,2274 1035,2179 923,2265 646,2229"/>
                <Baseline points="659,2295 770,2295 881,2295 992,2295 1103,2295 1215,2297 1326,2297 1437,2298 1548,2300 1659,2301 1771,2303 1882,2306 1993,2307 2104,2309 2215,2310 2327,2312 2438,2313 2549,2315 2660,2316 2771,2316 2883,2316"/>
                <TextEquiv>
                    <Unicode>per de fluijt sparendam, alhier aengebraght komt</Unicode>
                </TextEquiv>
            </TextLine>
            <TextLine id="r1l21" custom="readingOrder {index:20;}">
                <Coords points="30,2358 191,2333 245,2361 275,2345 380,2357 432,2398 572,2385 566,2170 446,2173 312,2270 152,2226 27,2254"/>
                <Baseline points="45,2328 70,2329 96,2330 121,2330 147,2328 172,2328 198,2328 223,2328 249,2327 274,2327 300,2325 325,2325 351,2324 376,2323 402,2322 427,2321 453,2319 478,2319 504,2318 529,2317 555,2316"/>
                <TextEquiv>
                    <Unicode>Onde Ggeede Beigen</Unicode>
                </TextEquiv>
            </TextLine>
            <TextLine id="r1l22" custom="readingOrder {index:21;}">
                <Coords points="24,2431 89,2419 152,2426 232,2398 262,2412 298,2395 346,2414 387,2397 386,2356 326,2355 304,2338 278,2348 256,2328 221,2342 172,2335 134,2352 113,2335 80,2348 19,2324"/>
                <Baseline points="36,2394 61,2396 87,2396 113,2396 139,2394 165,2393 191,2392 216,2390 242,2388 268,2387 294,2386 320,2385 346,2384 372,2385"/>
                <TextEquiv>
                    <Unicode>Van Iapara</Unicode>
                </TextEquiv>
            </TextLine>
            <TextLine id="r1l23" custom="readingOrder {index:22;}">
                <Coords points="646,2436 2704,2492 2938,2444 2939,2363 647,2332"/>
                <Baseline points="662,2417 775,2415 888,2414 1001,2414 1114,2414 1227,2414 1340,2414 1453,2415 1566,2417 1679,2418 1793,2420 1906,2421 2019,2423 2132,2424 2245,2426 2358,2427 2471,2429 2584,2430 2697,2432 2810,2433 2924,2433"/>
                <TextEquiv>
                    <Unicode>te blycken, dat de saacken sigh aldaer, van geen quaet</Unicode>
                </TextEquiv>
            </TextLine>
            <TextLine id="r1l24" custom="readingOrder {index:23;}">
                <Coords points="630,2557 2761,2582 2761,2483 2340,2444 631,2452"/>
                <Baseline points="644,2526 749,2526 854,2528 959,2528 1064,2528 1169,2529 1274,2529 1380,2529 1485,2529 1590,2529 1695,2529 1800,2531 1905,2531 2010,2532 2116,2532 2221,2534 2326,2535 2431,2538 2536,2540 2641,2543 2747,2547"/>
                <TextEquiv>
                    <Unicode>aensien en verthonen, ende dat er met de doodt van</Unicode>
                </TextEquiv>
            </TextLine>
            <TextLine id="r1l25" custom="readingOrder {index:24;}">
                <Coords points="2775,2570 2790,2569 2798,2559 2813,2564 2830,2550 2840,2559 2855,2557 2851,2516 2837,2517 2828,2524 2807,2522 2771,2528"/>
                <Baseline points="2787,2547 2812,2545 2838,2543"/>
                <TextEquiv>
                    <Unicode>—</Unicode>
                </TextEquiv>
            </TextLine>
            <TextLine id="r1l26" custom="readingOrder {index:25;}">
                <Coords points="624,2669 2704,2668 2319,2541 1042,2610 625,2558"/>
                <Baseline points="638,2639 740,2639 843,2639 945,2639 1048,2640 1150,2640 1253,2640 1355,2640 1458,2642 1560,2642 1663,2642 1765,2643 1868,2645 1970,2646 2073,2647 2175,2648 2278,2651 2380,2652 2483,2655 2585,2657 2688,2660"/>
                <TextEquiv>
                    <Unicode>Pangran singasarij, ende de Hopelose sieckte van</Unicode>
                </TextEquiv>
            </TextLine>
            <TextLine id="r1l27" custom="readingOrder {index:26;}">
                <Coords points="621,2790 1491,2768 1721,2842 1946,2762 2259,2851 2394,2762 2890,2828 2948,2637 2361,2717 622,2670"/>
                <Baseline points="638,2757 752,2759 867,2759 981,2759 1096,2759 1211,2759 1325,2757 1440,2757 1555,2756 1669,2756 1784,2756 1899,2756 2013,2756 2128,2757 2243,2759 2357,2760 2472,2763 2587,2768 2701,2772 2816,2777 2931,2784"/>
                <TextEquiv>
                    <Unicode>pangiran Martazana, tusschen den presenten Soulon hou„</Unicode>
                </TextEquiv>
            </TextLine>
            <TextLine id="r1l28" custom="readingOrder {index:27;}">
                <Coords points="630,2883 2821,2909 2821,2819 2657,2777 2265,2850 1912,2762 1718,2842 630,2806"/>
                <Baseline points="644,2873 752,2874 860,2876 968,2876 1076,2876 1184,2877 1292,2877 1401,2877 1509,2877 1617,2877 1725,2877 1833,2877 1941,2877 2049,2877 2158,2877 2266,2879 2374,2879 2482,2880 2590,2882 2698,2883 2807,2885"/>
                <TextEquiv>
                    <Unicode>nangs, en zijn anderen broeder pangman touguur</Unicode>
                </TextEquiv>
            </TextLine>
            <TextLine id="r1l29" custom="readingOrder {index:28;}">
                <Coords points="607,2994 1988,2997 2111,3068 2266,2987 2413,3049 2765,3014 2732,2924 2397,2890 1551,2884 1280,2960 607,2898"/>
                <Baseline points="621,2988 727,2992 834,2994 940,2995 1047,2996 1153,2996 1260,2996 1366,2994 1473,2993 1579,2991 1686,2990 1792,2988 1899,2987 2005,2985 2112,2985 2218,2984 2325,2984 2431,2984 2538,2984 2644,2985 2751,2988"/>
                <TextEquiv>
                    <Unicode>die de mattaram althans. nogh jn besitt heeft; wel</Unicode>
                </TextEquiv>
            </TextLine>
            <TextLine id="r1l30" custom="readingOrder {index:29;}">
                <Coords points="627,3129 2752,3132 2709,3043 2273,2988 2168,3064 626,3006"/>
                <Baseline points="641,3101 745,3102 850,3104 955,3104 1060,3104 1164,3104 1269,3104 1374,3104 1479,3102 1583,3102 1688,3101 1793,3099 1898,3098 2002,3098 2107,3096 2212,3096 2317,3095 2421,3095 2526,3095 2631,3095 2736,3096"/>
                <TextEquiv>
                    <Unicode>een goet accomodement, souw schijnen te konnen</Unicode>
                </TextEquiv>
            </TextLine>
            <TextLine id="r1l31" custom="readingOrder {index:30;}">
                <Coords points="634,3222 1674,3230 1809,3290 2075,3220 2714,3250 2714,3131 2523,3176 2331,3093 2122,3181 1748,3108 634,3148"/>
                <Baseline points="650,3212 752,3215 854,3216 957,3216 1059,3216 1162,3216 1264,3215 1367,3215 1469,3213 1572,3212 1674,3210 1776,3209 1879,3209 1981,3207 2084,3207 2186,3207 2289,3207 2391,3209 2494,3210 2596,3213 2699,3216"/>
                <TextEquiv>
                    <Unicode>volgen. als den gemelten sousouhounangh, door ons</Unicode>
                </TextEquiv>
            </TextLine>
            <TextLine id="r1l32" custom="readingOrder {index:31;}">
                <Coords points="639,3362 2280,3312 2806,3395 2806,3276 2606,3225 1895,3297 1706,3234 639,3255"/>
                <Baseline points="653,3326 759,3326 866,3326 973,3326 1080,3326 1187,3326 1294,3326 1400,3326 1507,3324 1614,3324 1721,3324 1828,3325 1935,3326 2042,3326 2148,3326 2255,3326 2362,3326 2469,3326 2576,3326 2683,3326 2790,3326"/>
                <TextEquiv>
                    <Unicode>verder met ernst komt te werden gesecondeert,</Unicode>
                </TextEquiv>
            </TextLine>
            <TextLine id="r1l33" custom="readingOrder {index:32;}">
                <Coords points="623,3465 2479,3495 2739,3479 2782,3392 2273,3413 2178,3335 1670,3316 1251,3400 938,3330 624,3381"/>
                <Baseline points="638,3434 744,3434 850,3435 957,3435 1063,3436 1170,3437 1276,3438 1382,3440 1489,3441 1595,3443 1702,3444 1808,3446 1914,3446 2021,3447 2127,3447 2234,3447 2340,3447 2446,3446 2553,3445 2659,3443 2766,3441"/>
                <TextEquiv>
                    <Unicode>soo is 't dat om sulcx met vigeur, en na uijtterste</Unicode>
                </TextEquiv>
            </TextLine>
            <TextLine id="r1l34" custom="readingOrder {index:33;}">
                <Coords points="640,3565 2825,3604 2769,3499 2437,3466 641,3487"/>
                <Baseline points="656,3546 763,3546 871,3546 979,3546 1086,3546 1194,3548 1302,3549 1409,3549 1517,3551 1625,3552 1733,3554 1840,3555 1948,3557 2056,3558 2163,3558 2271,3560 2379,3560 2486,3560 2594,3560 2702,3558 2810,3557"/>
                <TextEquiv>
                    <Unicode>vermogen uijt te wercken, althans geresolveert</Unicode>
                </TextEquiv>
            </TextLine>
            <TextLine id="r1l35" custom="readingOrder {index:34;}">
                <Coords points="13,3679 85,3673 109,3694 368,3669 422,3690 605,3680 604,3608 518,3624 386,3552 284,3568 147,3529 57,3580 12,3581"/>
                <Baseline points="29,3668 57,3669 85,3669 113,3669 141,3669 169,3669 197,3669 225,3669 253,3669 281,3668 310,3668 338,3668 366,3666 394,3666 422,3666 450,3666 478,3666 506,3667 534,3668 562,3669 591,3671"/>
                <TextEquiv>
                    <Unicode>106 Pederlandse„ a. 142</Unicode>
                </TextEquiv>
            </TextLine>
            <TextLine id="r1l36" custom="readingOrder {index:35;}">
                <Coords points="630,3696 2749,3726 2768,3630 2520,3565 2421,3648 1887,3557 1701,3645 1537,3551 1145,3629 987,3553 631,3595"/>
                <Baseline points="645,3662 750,3666 855,3669 961,3672 1066,3674 1172,3677 1277,3678 1382,3678 1488,3680 1593,3680 1699,3681 1804,3681 1909,3681 2015,3681 2120,3681 2226,3681 2331,3683 2436,3683 2542,3684 2647,3684 2753,3686"/>
                <TextEquiv>
                    <Unicode>zij boven de reets genommeerde 50: nederlandse</Unicode>
                </TextEquiv>
            </TextLine>
            <TextLine id="r1l37" custom="readingOrder {index:36;}">
                <Coords points="45,3751 96,3733 135,3763 159,3739 222,3745 276,3722 314,3746 356,3728 488,3746 628,3728 628,3681 569,3671 545,3689 491,3674 413,3689 368,3668 336,3686 303,3671 111,3697 82,3670 46,3679"/>
                <Baseline points="60,3723 87,3723 115,3723 142,3723 170,3723 198,3723 225,3723 253,3723 280,3723 308,3724 336,3725 363,3725 391,3725 418,3725 446,3725 474,3725 501,3725 529,3723 556,3723 584,3723 612,3723"/>
                <TextEquiv>
                    <Unicode>Jnlandze militairen Voor</Unicode>
                </TextEquiv>
            </TextLine>
            <TextLine id="r1l38" custom="readingOrder {index:37;}">
                <Coords points="28,3826 58,3838 100,3796 129,3812 165,3788 587,3806 623,3791 623,3731 453,3745 390,3727 315,3747 273,3723 142,3758 64,3727 28,3742"/>
                <Baseline points="44,3777 72,3779 100,3779 128,3780 156,3782 185,3782 213,3783 241,3783 269,3783 297,3783 326,3783 354,3783 382,3783 410,3783 438,3783 467,3783 495,3783 523,3783 551,3783 579,3783 608,3783"/>
                <TextEquiv>
                    <Unicode>aff tot fereut derwaals</Unicode>
                </TextEquiv>
            </TextLine>
            <TextLine id="r1l39" custom="readingOrder {index:38;}">
                <Coords points="639,3797 2887,3827 2887,3740 2684,3695 1524,3764 640,3687"/>
                <Baseline points="653,3791 763,3791 874,3792 985,3792 1096,3794 1207,3794 1318,3794 1429,3795 1540,3795 1651,3795 1762,3795 1872,3795 1983,3795 2094,3795 2205,3795 2316,3795 2427,3795 2538,3797 2649,3797 2760,3797 2871,3798"/>
                <TextEquiv>
                    <Unicode>en 142e: Inlandse militairen nogh andere 50: inder„</Unicode>
                </TextEquiv>
            </TextLine>
            <TextLine id="r1l40" custom="readingOrder {index:39;}">
                <Coords points="66,3857 110,3869 122,3860 200,3867 251,3883 275,3868 298,3889 337,3887 373,3875 374,3803 338,3812 309,3788 264,3811 228,3790 189,3798 165,3789 126,3812 99,3797 66,3803"/>
                <Baseline points="80,3845 105,3846 130,3846 156,3846 181,3846 206,3846 232,3848 257,3848 282,3848 308,3848 333,3848 359,3848"/>
                <TextEquiv>
                    <Unicode>te schicken</Unicode>
                </TextEquiv>
            </TextLine>
            <TextLine id="r1l41" custom="readingOrder {index:40;}">
                <Coords points="635,3933 2774,3956 2861,3945 2862,3849 635,3820"/>
                <Baseline points="650,3900 759,3904 869,3908 979,3909 1089,3911 1199,3912 1309,3912 1418,3912 1528,3912 1638,3911 1748,3911 1858,3911 1968,3909 2078,3909 2187,3909 2297,3911 2407,3912 2517,3915 2627,3917 2737,3921 2847,3927"/>
                <TextEquiv>
                    <Unicode>landers, met het schip 't wapen van Tersholen ten</Unicode>
                </TextEquiv>
            </TextLine>
            <TextLine id="r1l42" custom="readingOrder {index:41;}">
                <Coords points="630,4063 1230,4099 1580,4030 1902,4118 2256,4046 2775,4088 2857,3999 2352,3927 1637,3982 1437,3918 1308,3986 630,3931"/>
                <Baseline points="644,4010 753,4018 863,4026 973,4031 1083,4034 1193,4037 1302,4038 1412,4040 1522,4040 1632,4038 1742,4037 1851,4037 1961,4035 2071,4034 2181,4034 2291,4034 2400,4034 2510,4035 2620,4038 2730,4041 2840,4047"/>
                <TextEquiv>
                    <Unicode>spoedigsten derwaerts voor afte schicken sullende</Unicode>
                </TextEquiv>
            </TextLine>
            <TextLine id="r1l43" custom="readingOrder {index:42;}">
                <Coords points="2696,4188 2723,4193 2744,4190 2770,4174 2794,4180 2806,4168 2827,4170 2825,4080 2810,4081 2804,4075 2786,4087 2753,4088 2735,4076 2723,4080 2717,4074 2693,4074"/>
                <Baseline points="2709,4143 2734,4145 2760,4143 2785,4142 2811,4143"/>
                <TextEquiv>
                    <Unicode>de</Unicode>
                </TextEquiv>
            </TextLine>
            <TextEquiv>
                <Unicode>164
164:
Lijnsdagh 21:e Junij 168:

Zewijle de Hr. Willem van Outhoorn bij resolutie
van 10: maij jougstleden, in plaets vande H:r Anthonij.
Pavilioen, is genomineert, tot kerckmeesten der

d' H:r Outhoorn kerser:
nederlantse kercke deser stede, soo is als nu verstaenn
soo wel Van d’' Inlandzo
zijn E: oock het kerckmeesterschap, vande jnlantie
als nnderlandse, en al de
Ketcken alhier
kenck jn plaetse van de H:r ont ordinarij raadt faurens
pit, met eenen aente bevelen, ende alsoo generalijck
het oplight, over alledekercken te deser plaetse.
Nadien ons uijt de advijsen. van den _: Command:
Isaacq de s:e Martin, en raadt tot Iapare, soo even
per de fluijt sparendam, alhier aengebraght komt
Onde Ggeede Beigen
Van Iapara
te blycken, dat de saacken sigh aldaer, van geen quaet
aensien en verthonen, ende dat er met de doodt van
—
Pangran singasarij, ende de Hopelose sieckte van
pangiran Martazana, tusschen den presenten Soulon hou„
nangs, en zijn anderen broeder pangman touguur
die de mattaram althans. nogh jn besitt heeft; wel
een goet accomodement, souw schijnen te konnen
volgen. als den gemelten sousouhounangh, door ons
verder met ernst komt te werden gesecondeert,
soo is 't dat om sulcx met vigeur, en na uijtterste
vermogen uijt te wercken, althans geresolveert
106 Pederlandse„ a. 142
zij boven de reets genommeerde 50: nederlandse
Jnlandze militairen Voor
aff tot fereut derwaals
en 142e: Inlandse militairen nogh andere 50: inder„
te schicken
landers, met het schip 't wapen van Tersholen ten
spoedigsten derwaerts voor afte schicken sullende
de</Unicode>
            </TextEquiv>
        </TextRegion>
    </Page>
</PcGts>
