3095 4692
45 60 294 207 504:
89 202 338 394 504
2665 542 2858 668 ia
563 667 2831 845 gesteld tot omercoopman met ve gulds termaant
539 773 1550 953 heben geanknemende
39 885 2873 1075 bns il holringiea  hull van Leijden, adsielenme. 20. donnm
18 1025 538 1143 ooft op Ourien, onder
500 1019 2722 1213 dets; belesende de plaats van bosch wagheed, en oock
10 1094 521 1240 Popman met 40. Ge
495 1137 2888 1303 sonens hooft ten Comteie Ontieu, wert mede mits tijts
649 1285 2901 1503 ovee gebeijdent tet onder toopman net veertigh Geij Heni;
1 1426 2956 1622 vellen de lenen  lesoort wille boortie van verssingen: Looksonder met 14:
6 1530 552 1668 Passier mede ondercoopin
556 1540 2833 1722 waerinende d: Cassiers plaetsen, wert daer in mede bervistigt
289 1601 427 1699 een
21 1604 317 1727 40: Guld=s
554 1635 2827 1866 en gequalisteeert tot bne oopmant lndtvelstigh guldeus
517 1781 2892 2020 Tursen van Joan Gp: miet 20, en presegt oeerisee
13 1833 512 2029 Paersen g borer
0 1963 2874 2147 hendrig afzoudgewerdende als prop: vaendrigh ten Comptoire Lonthor, Wert
511 2064 2732 2239 als nu daerinne abzoluit bevistigt met deornaije
527 2172 2172 2371 kconinge van veertigh guldens hijr maend
516 2296 2924 2507 maer om dat het overragen det quatnisoenboeken in Dinda
1 2406 536 2575 aen den Overdaigde det
525 2456 2950 2645 niet wel een Hooger qualiteijt kan lijden, soo sal den boekhooger
-9 2538 535 2632 Maarnisoenboeken Jacob:
-20 2590 547 2710 de Witte, tot aneremploir
555 2565 2728 2759 Jacobus de witte, met sijn 30. dle moeten te vreden zijn
-12 2664 535 2771 eerlick onderkooman
17 2695 2803 2888 Tractementoegelijk tot optredinge in Hoger mplgij, dogh Egte. vermits zijn
672 2876 2933 3025 e dicnsten voortaen genicten ondercoopmans fantzon pis oftgeet;
516 2957 2840 3261 Batavia in 't usteel datum als Vooren
1929 3219 2813 3468 „ van gaens
2368 3471 2443 3576 E
2033 3480 2242 3615 1f
2115 3581 2827 3789 Van Helmarn
509 4044 1258 4257 Jan Camnteijs
1870 3960 2740 4332 P e
1899 4361 2939 4620 : van Onthoore
2822 4507 2910 4639 1
