3030 4713
43 55 273 210 284.
98 176 356 356 284
2396 354 2501 508 3ij
460 616 2793 881 datmen naer desen Camt goet te vinden Hentoet
614 791 2152 945 Coptir amedabathe plaetsen
646 944 2816 1224 Een Coopman tot hoeft in ampadabat als de derseijnde
600 1114 2806 1386 ditectie, t om in Cas voorsz: tot buintte bij den directeur
618 1251 1317 1449 placts te Bouden
652 1393 2797 1682 Een Coopman als de vierde in fangh, tot opperhooft op ’t
650 1603 2967 1814 Comtoir agra, welcke beijde Comtoijen tot tweede personen
619 1756 3007 1990 sullen hebben ijder een onderkoopman, die met d’ opperhoofde
632 1871 2907 2119 voor alle administratie even gelijck sullen tesponderen
618 2022 2883 2267 en bonder Eeckander kenisse niets veristten mogen
614 2216 2832 2531 Een onderkoopman tot hooft over de negotie tot broden
608 2390 1140 2628 en brootchia
615 2545 2875 2809 Een onderCoopman tot Hooft aen boualijs s vrands die
612 2747 2848 2951 oock met een de Baracter van fiscace moetvoeren, en
597 2901 2901 3121 te meer ontsagt onder de scheeps opperhoofden te hebben
605 3072 2941 3253 sullende derhalpen in tangs mede den Eersten ondercoopm:
609 3223 2887 3432 sijn, omme bij een Jacante Coomans bedieninge
621 3387 2761 3595 daerin op getreden, jndien bij en toe bequaam is,
651 3517 2965 3838 Een onderkoopman en Eenboekhouder tot packhuijsm:
638 3724 1670 3890 op 'd Compteir Souratoa
640 3850 2592 4092 Een onder Cooplan tot becretaris van de directie
621 4040 2041 4292 Een onderCoopman tot Cassier
2576 4208 2911 4422 Pite
2824 96 2927 267 o
