2984 4524
122 141 247 327 6
40 410 254 545 25. d:o
2053 224 2127 358 1
1110 50 1797 369 Notemb
2420 355 2845 543 8: 449:
256 355 2269 541 In allengesalle ten besten genomen dien het werk kort gescheijden
292 517 2364 640 ene oosterpresintien met partij van die militie versorght - - - - - -
2498 594 2615 716 11.
253 636 2518 754 en voort de sieken met de gesoide ieer te missien zijn, Herwaerts gesonden.-
284 684 2479 846 bij onser hoopte quaden uijtslagh, souw d E=r Camphuijs na den tijt Het bes te
2375 778 2596 924 - „
557 789 1245 921 konnen ordonneen.
284 849 2711 998 datmen door d’ ongelegentheijt des Caijboens van hier niet kan doen - - - - - „ —
240 975 2530 1167 Voorstel om 250. â 300. matroosen van de schepen ter Theede, hier aen Lant
2500 1099 2597 1229 „
596 1097 1500 1243 als soldaten te gebruijcken - - -
275 1122 2389 1331 om op de parade als anders ons aensien te behouden, tegen de stoutheijt den
2519 1273 2680 1394 „ —
546 1303 1216 1445 bantammers a
2480 1369 2813 1522 „ 450.
294 1376 1558 1563 de gestalle des Vaderlants oock te overstegen
299 1469 2559 1656 1 Extracrdiuarij, Ja ordinarij Schours van daer souw ons konnen ontstien
305 1580 2297 1749 onde ordre dat batatia met niet min dan 1206. militena, mag
2618 1683 2700 1760 e
527 1714 1106 1871 blijven beset - - -
279 1784 2442 1978 „alle dese Consideratien Herlijschien Wijsheijt om Comp:s Welvaren te betragte
265 1895 2130 2099 de kloekmoedigheijt dient men niet in stoutheijt op ons te laaden
316 1999 2221 2191 onse buijten troepen hier allomme dienden niet verdersershoijt
311 2138 1721 2308 „maerlieder bij een Jngetrocken - - - - - - - . .
321 2216 1858 2415 op alle dese Consideratien een ficp besluijt temaeken
311 2320 2495 2558 op Wat fondament dese uijtsettingh na Javas oostcust tot behout van ons
636 2469 1847 2617 Volck aldaer best te begunen - - - - - .
311 2520 2743 2754 sijn D:o verwaghi daer op de Vijsen tael, en Conclusie van dE Heeren Raaden. „—
279 2700 2404 2844 en stelt oock voor om d’ Emaijor poleman bij dese ooster pesongies als een
2575 2670 2803 2884 451
641 2780 2059 2966 Eetraord: toot in saade van India te assinnenen . . .
310 2897 1992 3096 om dat die d’executie van 't weijk oosselve touw bij woonen
2528 2988 2736 3120 „ —
296 3027 1940 3214 't welk bij d’ Heeren Wert goetgekeurt - - - - - - . .
2520 3076 2790 3274 „452
275 3137 2218 3299 „ en d’Emanor poleman daerop binnen geroepen, en Cessie gegesen
318 3228 2555 3404 advisen vande Heendntraden op de voorstaende propositie van d’ H=r Hareriel
607 3372 1489 3531 wegens 't werkom d'oost
306 3401 2344 3619 „en perigh bebluijt, om de schepen, en krijgsmacht met d’ E maijor sonder
641 3569 2120 3750 uijtstel over Japara na Sourabaija te laten Voortgaen
345 3685 2337 3876 d Hr. Heelman sae de verdre nonge poncten van ordres aen d’ Heer
676 3811 1514 3957 admiiael kundt op stellen
343 3916 1476 4083 sten d Insfructie voord Ejer
2509 4042 2590 4146 „
354 4028 1732 4166 om dan bij de vergadigt te werd geapprobe
2762 3308 2827 3423 o
2844 0 2973 198 1
