3183 4616
2901 32 3106 193 433.
2844 162 3087 339 433
1060 214 1415 635 1
732 588 1908 723 Etral deratt vergadetengf
509 839 2630 1060 ontange alpisen van den tapiteijn tillen hastan
2647 861 3127 1023 n diedijsen van
2652 989 3070 1084 Dap Hartsinck
219 951 1934 1176 eeee meegen van den bedeser e Cet hoog
2671 1045 3124 1145 hier boven uit't
2664 1117 2976 1230 Gebreghtien
305 1092 790 1253 lan bierd
1695 1148 2108 1292 aden
2635 1127 3151 1289 verstaen hogt bd:
2655 1262 3171 1350 nederledze Militairs
604 1225 2517 1383 eandsee militairen tt sijn adis tendie van
2664 1320 3106 1402 ’t sijnd Adsistentie
2653 1358 3128 1486 Edern Tanjongroure
676 1345 2628 1500 ne maet en pegedun of de belicken ale emaei
2664 1444 3090 1565 aff teschicken
288 1480 2438 1630 bjmed sijnde teboenwde vack kont of de bakken: onder den
255 1598 1440 1738 binand anbeeck
287 1720 2490 1882 bedende iets tem din den bietje merden aen deldeven
2637 1737 3157 1898 En hem aente kchijven
2645 1868 3115 1962 niet Hooger als tot
571 1854 2426 2003 nerboeter v berer eo te elket als ht geed
2631 1929 3154 2032 d Goedoe Goedou op te
2667 1994 3064 2094 trecken off op
641 1995 2469 2171 oed jongepente dese de Bouden:t bos de drlije van
2618 2007 3130 2182 tanjongpoura Poft
2652 2110 2936 2226 te Houden
300 2096 2418 2289 Eoisaarie ben ke be esten Ageteede gesvaleige Hrbijans
263 2225 1807 2415 moonden be ange om wenge
2086 2270 2531 2401 Comnaan
2693 2320 3130 2498 a zij bij toevalder
2688 2463 3126 2561 lijens, dogh niet
2663 2520 3053 2621 Als aas tede
2258 2525 2577 2672 na als
465 2481 2077 2680 wegingder voorz: paeiers, soowees
2663 2593 3140 2685 voorsight van niet
2658 2652 3070 2775 beset te werden
442 2622 2566 2772 oegeeden, doenen woor was Boogenjn getrecken onde
2630 2734 3160 2872 en niet na Saniadang
279 2743 2566 2926 alle goede voorsie berg voor ons woeck; dogt niet na
2639 2832 3079 2953 dan op nader last
278 2901 2343 3030 bammadan wenadeoes te last; malt die voo
295 3029 3158 3173 dadijongpoura bal moenwerde afdewaer; en in bodanig gesal Eeonige derbalijces
2638 3107 3159 3214 hoofden inder minne
2650 3178 3103 3274 te Persuaderen, om
307 3174 2509 3309 denij den voorsz: balijbe Hoofden woorden. gevershaederd om
2645 3236 3125 3335 Herwaerts tot ons
2677 3308 3028 3419 over te comen
270 3286 2519 3416 berwaerte woons over teomen, niet min onder alle
1449 3407 2254 3557 et ons animensn
2660 3511 3194 3681 1 Van luijts van den Eeder
256 3522 2671 3714 zoo sal mede den luijd van den den tot Janjongponra werd
2673 3647 3087 3748 op Canjongpouva
2664 3710 3079 3813 sal sighbij dise
742 3665 2599 3823 in seeubeen het bantamneers bigh niet uijt
2655 3736 3126 3871 bantamse trublen
822 3833 3197 3981 p en sijn gebrek boedigh bekent te maken, om bij nit uijt de zeggersig van
304 3845 686 4002 dedagger
2630 3896 3135 4021 en sijn gebrik bekent
2621 3969 3121 4068 maken, om bij overval
298 3952 2359 4107 eenigh overval van vjand niet verlegen te mogen wesen
2624 4034 3141 4156 niet verlegen te sijn;
