3034 4548
17 -24 173 156 58.
208 130 426 360 58
605 500 2886 678 eenige schepen, en mindere vaertuijgen met last en
576 625 2743 811 ordre om afpewijsen, en niet gewelt van wapenen
610 765 2877 954 te wederstaen, de gene die tegens onse wil en d’anck
627 865 2676 1042 wilden doorbreken, en aldaer met Crijgsvolck
613 1034 2745 1145 landen, dogh dat de Handel vaertuijgen die aldaer
54 1034 573 1184 sonder noghtans de
77 1139 603 1226 Handilaers te willen
616 1141 2738 1294 moghten aenkomen, in hun voornemen geensins en
36 1201 492 1324 Incommoderen
1913 1243 2730 1431 Ende eijndelijck
550 1258 1750 1424 sullen worden verhindert
628 1371 1510 1563 ddit wij niet die van
1493 1363 2784 1553 Bantam directelijck ofte
61 1370 618 1564 Of met bantam orlog
64 1508 427 1609 te soeken
627 1496 2894 1705 jndirectelijck geen oorlogh soecken ofte begeren, zijnde
620 1640 2901 1767 voornemens niet anders te doen, gelijck oock tot nogh
613 1740 2866 1903 toe niet anders gedaen hebben, dan ’t geene met de
617 1854 2894 1998 billickheijt over een komt, en waer toe ons gegeven
622 1997 2736 2118 woort mitsgaders het boven gen: Contract ons
611 2091 2874 2229 heeft verplight, alle het welcke gelijck boven is
615 2192 2830 2323 gelegst, den Coopman van Dijck, ende den resident
67 2301 2866 2497 4e twelk onse Chaaff op een ernstige en duijdelijcke wijse aenden
91 2417 606 2500 Residenten den Jongen
83 2474 626 2566 bantamsen sultharp en
674 2446 2812 2590 ongen sulthan, ende de vordere grooten, sullen.
92 2535 610 2652 Grooten sullen bekert
76 2588 352 2712 smalken
616 2549 2686 2693 bekent maecken, op dat het oock magh geweten
617 2682 2770 2865 werden, en ter ooren komen vanden ouden sulthan
591 2788 2809 2981 die sigh nu al een geruijmen tijt heeft onthonden tot
67 2839 585 3004 omdatmenden onder
76 2974 583 3082 Sulthan op Curtiassa
586 2925 2694 3087 Purtiaza. verre buijten Dantam, alwaer d’onse
77 3034 622 3180 niet wel kan te spreken
69 3096 294 3226 Comen
611 3058 2920 3207 hem niet wel konnen te spreken komen, ende jngevalle
595 3187 2862 3344 het quame te gebeuren dat die van Pantam weder
609 3302 2941 3485 spraeeken, ofte ophaelden van onse gemaeckte paggeringh
624 3417 2780 3522 tot Cantongs poura, aen ende omtrent de rivier van
43 3468 615 3635 Heden dat onse pagger
620 3509 2870 3674 Cradangh, die haer aldaer wat schijnt jnde wegh te
57 3598 629 3689 Op Crarvangh alleen tot
71 3658 620 3752 verscheringe, en beste
617 3646 2739 3775 leggen, soo is verstaen dat den gem:te Coopman van
67 3721 625 3815 Jusseder Inwoonded
71 3778 380 3904 is begrepen
640 3733 2683 3894 Dijck, ende den resident Caaff. haer dien aengaende
606 3837 2700 3998 sullen dienen, van duijdelijck en waeraghtigh bereght
626 3967 2841 4121 namentlijck dat wij deselve vastigheijt aldaer hebben
622 4102 2819 4233 gemaeckt op het ernstigh versoeck vande Jaxaense
2561 4201 2796 4362 opper
2930 1513 2995 1617 5
