3054 4688
21 16 241 181 258.
172 179 424 330 258
931 554 1109 697 e
1392 526 2809 728 Comreiner Dosth: en vandoken
591 543 968 752 vende
662 704 2739 867 gekomen, soo zijn jeverwoordgen de vegende
651 773 2896 986 pertonen In quaerteijt, en gaan verbetert: en det
653 872 2934 1076 eenige openstaende bedieningen gesoeutbewesejst,
658 1038 1342 1234 al de weden
730 1142 2866 1440 en onder ooor daen deeos vinpeip: koppe vant
9 1240 625 1416 Ans siek e hons
682 1343 2793 1495 zoldij Comptair, ende de quaripen boecken
20 1399 640 1501 van 't zoldij Compooir o
6 1458 657 1542 malacca, Coopman met
692 1461 2783 1628 wert daer snne, mitsgange jarige: bijtsee mandie
37 1529 507 1660 60: gl smaents
675 1573 2813 1753 gevordert t dercaraccer van Coopman
684 1660 2936 1836 met een beconinge van sestigh guldens der maert
15 1889 2740 2080 Ann: Aiiere hij den v:' Luijtenan Ioame de oliviers, ende u p:r
17 2038 553 2140 en Cornelis ledelier
737 2024 2828 2213 vrendrigh Corus te bellier werden beijde
15 2051 655 2208 vaendrig abzoluit met
17 2175 549 2301 50. en 40. g= bijde
669 2153 2759 2310 op de goede geuipenissen, jn die qualiteijten
41 2235 412 2345 Voor 3. Jaer
692 2223 3005 2388 absoeut bevestigh. dedieersten onder een bezoldinge
676 2356 2945 2531 van vijfftigh, en den laesten, met veertigs guedens
670 2470 2795 2682 ter maent onder verbandt van de Jaeren
603 2700 3001 2890 den ondercoopman Anthonij de vogel, epertjn zijn
24 2726 600 2933 anthonij de Vogel Cassier
698 2882 2927 3020 p:l funcie van Cassier absoent geconfirmeert, ende
0 2946 676 3143 Auaen Wijlant dis penker
701 2971 3068 3139 den ondercoopman en Winckelier Adriaen Wensands
671 3076 1742 3277 gestelt tot dispencier.
1823 3173 1955 3311 ter
721 3209 2959 3433 soem den ondercoopman a van zelsdinge weder om
7 3282 585 3416 Sebe van Helsdingen
33 3384 400 3480 Winckelier
677 3382 2228 3536 in desselfs paet tot Winckelier
752 3492 2971 3724 en soo mede den ondercoopman Tetaias schaap tot
11 3584 692 3788 Sesrias Schaep hoentend
698 3692 2745 3825 ficentmeester jn wiens tede, dan weder een
656 3742 2871 3882 der anderse bequaemste ondercooplieden by den
712 3880 2951 4038 oppercoopman jnde packhuijsen zal konnen werden
1217 4036 1306 4118 e
729 3983 1264 4158 gebruyckt.
720 4120 2766 4334 Wijders nu oock gesproken, en gedelbereerte
2498 4257 2887 4391 wesende
