3111 4624
2773 237 2877 397 31
150 366 2395 629 Vrydagh 25 february. 1678.
199 874 2317 1106 In plaetse van den Coopman Vlicolaes Wuller
43 1094 2441 1253 die geweijgert heeft den voorgenomen, ende pastge„
171 1196 2445 1376 stelde peper handel tot Danjermassingh waer te
2369 1319 2916 1487 de Ondercoopliede
174 1341 2285 1543 nemen, is goetgevonden te gebruijcken twee
2279 1414 2878 1568 van michelm en
2402 1500 2895 1622 vander veste nan
101 1475 2977 1680 (ondercooplieden, namentlijck Joannes van 11eshelen banjermassingste
2396 1636 2708 1770 gebruijcken
174 1648 2407 1852 en pieter vander veste, beijde bequame personen
83 1735 2330 1964 en die wij vertrouwen dat de nlegotie aldaer
183 1908 1758 2114 wel sullen konnen waernemen.
156 2127 2574 2375 Wijders gelet zijnde op de bovengemelte dienst
2437 2247 3063 2439 Cor S: Nicolaes mullers
178 2298 2955 2498 wejgerings vanden Coopman Nicolaes Muller mits eijgeruggh. sijn
2454 2447 3049 2593 Lagie aff t schrijven
172 2464 2414 2703 soo is goetgevonden dat desselfs gagie van dato —
172 2591 2333 2809 deses sal stilstaen, en afgescthreven werden..
181 2824 2384 3103 oim het Comptoir tot Palimbangs te versien
178 3000 2459 3207 van Contanten, en andere geeijschte Coopmanschapp:
179 3108 2379 3324 mitsgaders om weder jn te nemen, en herwaerts
188 3227 2974 3495 te brengen de gereet leggende peper, soo is ’t schipd Eendragt
2394 3403 3030 3489 en Hscker de baras naer
2411 3478 3001 3602 Palembangh aengeuijt
11 3369 2362 3612 goetgevonden, aen te leggen, ende te gebruijcken
7 3583 103 3708 S.
187 3531 2445 3789 het schip den Lendraght benevens de Hoeckerboot
171 3678 2429 3896 de Daers, om gebruijckt te werden, soo tot het
177 3790 2384 3980 op voeren vande Contanten, en Coopmanschappen
172 3943 2380 4156 als tot het afbrengen vanden peper aende gen:e
2092 4113 2594 4329 Eendraght
2861 -25 3000 168 39
