3165 4690
96 732 273 888 d
2912 -9 3132 206 1584
2800 186 3105 370 505
2306 354 2474 722 1
2735 467 2881 724 18
833 690 1946 849 Tmong oo Djgaderij
339 814 3136 1010 d got gevonden gep haloup dooangie bgem wg= de sea d huijsn
2627 946 3148 1096 t eenige vootlijk h
290 1010 3180 1187 Indermatjoe bfte zonden, met eenige kooteijd sheden na Ldeniag Ae
2590 1114 2840 1232 senden
274 1122 2528 1271 en versoockenge het beherste voor ons volch; eu daar
264 1225 2590 1376 novens dan operedosmen en Commandant Jacob: is
2561 1303 3123 1488 den Eaoo ouat
282 1368 2539 1538 Couper te lisliptieren den heer zjwaerts te doen
2610 1431 3062 1553 Gelimntieert eens
2619 1524 3103 1642 Hterwarts te Comen
272 1500 2492 1706 als bij bebolutie van 2: deser Piites lact aengehaalt
282 1642 2500 1830 inctverder govis, dat hij de verwoase van adies
2611 1647 3130 1807 = Vroveren Van fadieij
2639 1768 3098 1863 den die van Cheribon
276 1741 992 1920 entoedrijve
1176 1748 1528 1939 dmr
2649 1825 3058 1960 ent te maken
229 1889 2455 2039 bal hebben bekend te maaken; dogh in ersoon voor
2565 1902 3126 2105 Wn e e e el
255 2009 2567 2199 als nogh daer met behoeven aenlant gaen, dewijle
2598 2068 3135 2203 daer aenlant te gaan
314 2118 2525 2326 ij sulcx uijt verse der bantammers niet gaerne
286 2256 2418 2457 bchenen te sien, en belangende den verdir een
2595 2369 3178 2537 den Verdreven Langeaa
289 2394 2393 2552 pangevan van samalingh (off anders tommagon
2607 2511 3119 2613 Samadangs sall bij
2625 2582 3070 2684 Verchijninge tot —
286 2499 2617 2736 fanga gompoll) die sal ij verschijninge op Indermaijos
2623 2638 3139 2743 Indermaijs sigh daar
297 2695 2397 2833 aldaer onder onse paggier, ofte bij den Iavaanzen
2598 2711 3171 2826 Onder onse Pagger mogen
2611 2782 2944 2889 onthouden
285 2796 2551 2976 gouverneurCddera bighn voor eerst wel mogen
189 2958 2432 3082 blyven onhouden iofe anders sulcx versoekende
2611 3054 3177 3196 off wel na den Sousoehounan
287 3040 2580 3241 oock wel naer den bensouhounangh mogen vertrecken
2617 3162 3071 3246 vertrecken Maer
2622 3205 3144 3351 niet herwarts Comen
284 3206 2513 3372 maer met nae tewaars, dan op onse nader ordre
250 3320 2593 3513 Gesproken, en gebesongneert wesende over de baeken
270 3463 3167 3653 gatnaten, soo is voor die provindie behalven, En ’t sugt de ampson een
2616 3602 3178 3685 Experiment, nog Voor
266 3596 3160 3804 nevens 't sagte d Experiment, op 2: deser vastgestelt Connen aengeleijt
271 3724 2375 3937 nu mede nogh aengeleght het Iaght de sampzon
2260 3917 2600 4121 voorts.—
