3008 4522
-31 1702 45 1878 „
-6 3375 54 3567 „
7 2722 84 2892 „
35 3151 98 3249 8—
-21 2250 220 2424 111:d
18 3629 104 3789 „
5 3857 255 3999 17: do
258 4317 321 4450 1
2710 114 2972 235 e
2883 277 2988 365 8
1103 193 1574 447 Ote
4 456 2484 608 .8: den aghter der Inkomende suijckeren mede nogh in s Hlshane:
2432 544 2817 696 N: 387.
453 578 1726 711 tottet eijnde van't Jaer tergunt . . . .
236 649 1821 834 op ’t voorstel en versoek van eenige Chinesen. .
239 784 2445 937 7s verstaen het toppen en tuijsschen dier natie als in vorige tyden wederon„
467 847 3017 1039 te doen verpachten tegens den 15: deser voor dit lopende Jaer uijt . „ 378.. _„o
2472 991 2728 1118 „ —
274 970 2342 1123 saenen over't gebruijck dier penningen na desen nader disposneren
2471 1126 2857 1228 „
253 1126 2485 1239 de sleumt Solena na banjermassingh aengeleijt tot Verfangh van buuren.
239 1194 2370 1368 en den ondercoopman Ian van mochelen wederom als hooft den negotie
2468 1239 2559 1449 „
546 1319 1134 1445 derwaerts te senden
2444 1404 2643 1539 „ —
245 1397 2070 1586 en hem te qualificeren tot Coopman met 60. gl. terinaent
257 1492 2312 1653 om de quade getuijgenissen van den Iavaeuzen tegent Wiera sala tot
527 1642 1028 1801 Canjongpoua
2482 1692 2783 1851 „: 379.
267 1661 2046 1887 salmen ordenneren sijn zoon te moeten Herwaerts senden ..
253 1811 2450 2002 off wel anders den luijt: vanden Leden in bedencken gesen, om hem selfs in
504 1937 2329 2071 onse pagter te appoehenderen, en gevangen op te senden - - - . . -
247 2025 2438 2196 den pange van sammadang door sijn affgesondene bij een brieffje nader tot
495 2138 2629 2291 stantvastigheijk tegen de bantamze vjanden in zijn lant termindren „
267 2239 2821 2392 Crain bissee met 400. Zielen p:r den Hasenbergh van Macassar hier aengecomen „ 385
280 2346 2459 2505 en dieie, meent ons in de tresente troublen op Java, en met domn„s
2535 2450 2667 2571 „ —
525 2451 2161 2595 der bantaminers Hier soude konnen aengelegen zijn..
267 2549 2533 2729 Is vooreers t goetgevonden op morgen voor ons ter audientie te laten verschijnen
540 2643 1668 2795 om sijn verootmoedinge aff te seggen.
2532 2716 2827 2904 „ 381.
276 2750 1313 2923 Eghterbonder uijtterlijcke btatie.
278 2811 2517 3017 om datmen oordeele daermede na de komste van Nadia Palacca niet behoeft
551 2990 1031 3103 te Wachten
280 3035 2332 3231 men sel hem oock van Comp. Wegen met Woningh en nootdrust Ter soogen
278 3173 2462 3304 en nadesen tot sijn onderhout en Vasten voet beramen, en verder over Hen
563 3280 1240 3430 disponnenen
290 3341 2275 3556 de fheuijt sparisoude over Malacca na arrakan aengeleijt om tijs
2088 3500 2335 3612 2
297 3479 1418 3647 Jen den Basenbergh naer Japara.
293 3576 2614 3722 de fluijt spanbroeck Jude ttraet Zunda te Laten Cruijssen in plaetse van de Ionas . „
301 3699 2851 3857 den sergdant Con=s Cnol op sijn Versoek stilstant van gagie: en Vijdam vergunt „ 382:
281 3838 2532 3999 s het Coppen der Chinesen deser stede op de oude conditien vertagt voor 625.
2519 3890 2857 4073 „ 283
533 3933 1492 4126 1. termaet aen ’t so Tibaij.
292 4040 1060 4224 tottet eijnde deses Jaers
