3122 4652
2777 58 3036 222 3on
2767 239 3047 458 307
520 584 2261 793 waadens dan mits deswackheijt onse
55 750 2390 951 wedeen eordiens Dilins, en Cornoeins paijs
310 884 2524 1078 en Cowp: dem dpatins 't lavins lege tegenwoordig
248 1021 2489 1223 op voorsz Joffanapatnam en een man van uitsteckende
2485 1098 3136 1251 dom: Clavius op Pasang
248 1146 2377 1352 gaaven, mits lange continuatie aldaer in sijn feure
2488 1212 3110 1316 om als een Lormanene
2498 1276 3078 1374 leerent herwarts over
241 1290 2426 1468 sal wejden gegeven, om ginder de Continueren, ofte wes
2501 1354 3025 1449 tekomen, off dieste
2494 1409 3089 1514 Continiere in Reueo
255 1429 2380 1621 lieder herwaars e Comen ten: als ven ordruarij zoer
2473 1481 2726 1592 te geven
246 1544 1709 1731 in dese gemeijnte geplaetst te werden
233 1689 2498 1903 iste des Janveg: negere, en ommeslagh toet bisdee
257 1897 2477 2009 van madur d tutusutijn, weder van een beudem en
256 1993 2470 2177 Twvaren hoofd de versoegen inpedelse van den Emarter
225 2124 2521 2311 uijsman, den welcken bij Resoentie van 18:e Illij passade
239 2311 2539 2465 is geeligeert tot Commisseers, en Commandeir tercusde
246 2434 2509 2608 mallabar; als waer aen voor den dienst van de Compag
253 2576 3076 2745 alveel zij gelegen; zoo is daer toe verkopen, den Coopman d
2494 2605 3053 2751 Vn Hl
2531 2732 2992 2819 3 d E Huijsman
244 2699 2520 2857 tomas van soed present gecunde persoon toe nagapatna
2520 2792 3041 2935 opperhooft op Culucorijn
247 2887 2439 3043 en die daerbenevens mits thuijme tijts Expiratie als de
2542 2991 3049 3124 en Geadvanteet tot
238 3011 2483 3197 goede getuijgenissen, die 'er van hem sijn, wert geadvanci
2491 3076 3109 3221 Oppercoopen t 80. ge
237 3099 2492 3326 tot de qualiteijt van opperkoopman, onder een tractement
260 3257 1622 3472 van taghentigh guldens ter maendt
237 3380 2456 3642 bullende voots sijne sunctie als tweede tot nagapatnam
144 3585 2322 3767 van wederom werden bekleedt door den oppercoopman
244 3674 2357 3879 Wilhem vandam, soo hij genegen maelt zijn, onder 't
2483 3725 3050 3906 Wllem J dan off
2519 3870 3036 3972 Pieter van Stan Velt
250 3818 2501 4050 Ceijlenze Gouvernement te Continueren, onbij weijgenige
2491 3938 2999 4044 in sijn praits weder
2475 4011 3037 4157 tweede op egapatnam
244 3961 2335 4194 door den onderkoopman Pieter van sonnevelds die
2161 4147 2416 4310 daer
2104 4397 2164 4547 5
