3135 4615
2800 48 2968 173 211
829 121 1126 215 „ Po
260 456 2264 675 secunde pertoued, Commandeurs, en mindere
2394 472 3112 661 De subalterne Tinislers
2505 617 3098 721 Ssullen Hare Respectiste
257 615 3151 798 subalterne suppoosten, op ’t hoogste, en ernstigh zal werden opperhooffden alsints
2476 748 3148 872 naer behooren Respecteren
255 769 2474 898 gerecommandeert, en aenbevolen Jaere respective
272 868 2527 1022 Gouverneurs, Commandeurs, ofte opperhoofden nogerijkx
261 977 2473 1153 allesins het couvenibel, ontsagh, en respect, soo als
254 1095 2483 1246 dat t behoort, jader billickheijt, en na d’ordre van
235 1209 2093 1387 de Comp:s te defereren, en te bewijsense
401 1352 2312 1544 Eonde naer dien meergemelten oppercoopman
271 1510 2326 1673 Mlartin pit, als mede den ondercoopman Daniel
2452 1536 3058 1693 Overgeleverde Lapieren
269 1594 3124 1762 Draems, over haere op zendinge van voorsz Cormandel van den Epp Coopman Pie
2474 1705 3149 1805 en ondercoopman Braems
256 1737 2471 1880 op 10:e maij, en primo Iulij laestleden ijder een deduitie
2463 1774 3113 1876 tegens den Gouv:r Caulier
2457 1826 3033 1936 Jan in Copietoete
271 1805 2460 1987 met eenige aenhorende documenten, tegens den Heer
2489 1906 2736 1987 senden
253 1944 2496 2089 Gouverneur Caulier, aen ons hebben over gelevert.
270 2070 2288 2207 is niet ondienstigh, maer nodigh de agst, deselve
263 2119 2470 2300 spapieren, gem:te couverneur jn copije toe te zenden
2456 2160 3151 2352 als mede schore aegtekhende
254 2271 2472 2425 benevens oock nogh sekere ongetekende klagkt, ofte
2465 2313 3122 2413 Casterbrieff tigen gemelte
2424 2372 3129 2472 Caulier uijt het vaderlijne
246 2379 2446 2548 Laster brieff, over de regerings van voorzeijde
2437 2425 2769 2562 overgesonde
261 2491 2426 2655 Aouvedneur Caulier, jn dato 10e: Julij voorleden
246 2613 2526 2745 Iaers, gedaghtekent, uijt Batavia, over Engelant
241 2714 2491 2882 aen de heeren 17en jut patria geschreven, en die
177 2828 2260 2986 haer Ho: Ed: Jongst per de fluytt, de sonal
102 2899 2536 3083 sodanigh, aen ons hebben te rugge ter waerts gesonden
2426 2975 3092 3137 Hn zijne derantwoordinge
237 3029 2862 3199 omme daer op zijne verantwoordinge te konken daal te doen
239 3129 2430 3303 doen, en ons deselve met eerste gelegentheijt dan
225 3239 2380 3446 te laten toe komen, Ende hoedanigs oock van
2429 3295 3052 3486 alsnde op de slondige
240 3390 2385 3539 pounct tot bonct, zal moeten gelhieden, met de
2439 3441 3115 3547 bevindinge der Conmandilse
2440 3501 3152 3634 igst: boeken Van No1696
250 3469 2347 3614 bevindinge der Cormandelse nogotie boecken
2560 3576 2825 3677 1637
243 3610 2368 3772 van N: 1676. en 1677. bij den E: Dilitateur
254 3702 2491 3873 generael Daniel parve, opgestelt, wegens de
202 3847 2317 3980 grootheijt der ongelden ende de verwertheijt
245 3919 2271 4058 sommiger reeckeningen, als andere suspecte
227 4030 2584 4211 dingen, daer jn vervats, omme daer over dan wijders
2197 4165 2523 4323 alhier
