3031 4510
0 1326 123 1510 3
223 340 2437 621 des badeeren op heden na de middags tusschen b'e
207 535 2437 747 halff zeven uiren den wegh van alle pleesch de doen
215 660 2376 807 wandelen en door e middel tot sief in zijn deuwige
256 807 2306 940 olorie g heerlijckheijt op de temen den Ed: Heere
219 885 2313 1078 den goverheur generael Joar Maetouije Le
199 1010 2475 1234 Ed: L: Hl: en dat de Ed Heeren, onse principalen Pij
199 1165 2447 1348 haere missive vanden 28e Ocbober des voorleden jaerst
203 1268 2433 1416 hebben gelieven te ordonneren, dat bij sodanigen geca
214 1388 2479 1572 in plaetse van wel gem:t Ed:e Hdeer gouverneur genere
206 1504 2460 1658 soude oftreden ende het generale gouvernnement aen
226 1620 2462 1816 vaenden, d’Ed: Heer Rijckloff v7n Goeus. eerste raadde
231 1753 2458 1932 en Directeur generael van India; luijdende deselve
225 1859 2318 2019 ordre den Ed: Heeren beventhiene als voeght:
208 1991 2354 2200 Het versolk bj de missive van den 7e: februarij deses
213 2120 2472 2253 Jaers door de Hr: generael Maersuijcker aen ons gedaen
226 2238 2477 2461 om van zijn lastige bedieninge te mogen werden gedechar
216 2359 2454 2602 geert bij ons zijnde overwogen hebben wij aen d’ eene zijde
215 2543 2344 2684 gerefeecteert op de redenen bij zijn E: tot dien eynde
224 2681 2503 2827 g: kliegeert en aen d'andere zijde op te bijsondere diensten
209 2766 2319 2950 die zijn E: d E: Comp:s sulcke langen tijt van Iaaren
225 2892 2366 3067 ende wel voornamentlijck jn dat swaerwightigh impt
213 3023 2433 3242 tot ons bijsonder genoegen heeft gedaen. ende sulx goet
217 3148 2439 3349 gevonden serieuslijck te versoecke dat nade mael zijn
228 3250 2458 3448 3: nogh vels serighten en regeir t: bljven, dat zijn E:
216 3418 2475 3622 in dien dienst nogh gelieft te continueren en 't weltk
221 3566 2417 3729 ons gansch aengenaem zal wesen voe daer op voort
230 3674 2368 3884 sullen verlank maer ingevalle en wanneer Got te
216 3795 2469 3956 Heer van Zijn Persoon ont te disponeren ende sijlx
234 3916 2435 4134 affijnigh t werden ionsentintie en begerte da
2759 8 2815 155 2
2885 -89 2980 117 7
