3188 4755
14 2344 73 2423 8
989 290 1466 563 Junij
70 532 2642 720 23: d:o Opt rapport van d’ Heer Volger des voorleden Iaers int teguard van oosterwijk
2703 566 2788 711 5
2565 624 2947 783 No: 172.
778 652 1489 781 en bachems in Souratta
308 699 2693 876 d' Efiscael te doen verklaaren Wat actie hij dierweden vermeijnt te hebben - - „
28 852 328 983 _o
308 842 2635 948 tot bevrijdinge en tuste onser boven landen, weder eenigh Volck uijt te senden; oem
706 915 1594 1037 de febellen te verdrijven . . ..
2404 961 2484 1042 „
2616 936 2697 1074 „
2714 899 2907 1059 133
291 952 2478 1132 Africa, america, en Hendrick maurits voor ’t Catria te doen onderlaagenn-
2622 1060 2679 1123 „
271 1113 2630 1261 't Comtoir Andragirij in selaets van malacca Weder onder batavia sortabel gestelt
52 1177 1725 1345 „ 28. d:o Nequest van den borger Lantreijsige Pieter fimon
2630 1198 2924 1317 „ 175.
286 1273 2006 1418 met Versouck, om vergoedinge Jan geleden schad in bengale
300 1369 2484 1504 die als ongesondeert buijten nogh andr: sedenen van sijn schadelijck gedoende
653 1460 1718 1603 t'Eiemael Wert Affgerstesin- --
277 1528 2891 1699 en salhij digh voortaen niet buijten Comp:s supisdictie mogen begesen . . . „. 176
303 1645 2727 1815 't Cantonze Coninx Jonck den 'thol van In en uijtvoer quijtgescholden om Redenen . „.
291 1744 2228 1863 eij aen den selven oock 20. Picols Vagelen verkoght tot 150 f P:s 't picol
300 1831 2557 1985 d’Engels hun Versoek, om partijs op 7: Spiaulter &:a van de borgern deserstede
629 1901 1587 2050 te mogen koopen Affgeslagen
2622 1923 2762 2058 „ 1
322 1951 2726 2115 En middel uijt te vinden; om de borgern Egter Jan ’t spiaulter te ontlasten . - . . „
321 2119 2619 2242 een advijs bieffie met d. Engels. van bantam aende Heeven Vit: In't Caerlan
612 2179 1259 2333 telaaten Affgaen - - -
313 2232 2231 2408 tint kottingh en pairangs op bantam te doen Jnkoopen . - . -
329 2386 2662 2517 tot Voorkominge velerklaghten: en miswegen der Engels. den ambrng hunne
2645 2441 2980 2602 „ 158:
560 2463 2219 2598 Wijnen, en bieven van bantrim nogh toe te laaten - - - - - -
285 2546 1989 2675 iaer om sulx niet aen te boeten den Boedaer van Verhooght
305 2657 1757 2790 en alle andre Coopmans: igter Verboden gelaten - -
83 2738 1559 2903 29: d:o besongies over de besendinge naer Eina.
349 2836 2312 3021 klaghten ober de monopolie, en bleigtte prijsen des handels te doen
336 2931 1947 3096 Maer egtergen: Coopimant: duwr hoghe: te laaten .
340 3056 2058 3196 de oederen vide te Haes tigh uijt de schepen op te loeren - -
347 3144 2054 3303 een andre: togie sn: Lantthaij aen de Hirier te versoeken . -
2635 3163 2893 3303 „ 180.
337 3230 2325 3386 bij dierte der Zijde z:a 't meeste Capitael in Gout tebesteden..
358 3343 2546 3475 En bij goet succes al was 't voor eerst maer 150. l: gl: na malacca tesenden.
326 3431 1321 3576 soo ’t sonder belet kan gebchieden . -
334 3516 2484 3739 't voorstel om een bodem met zijde &:a uijt Hochzieuw te laten Voortgaen
665 3637 1388 3778 g. declineert - - - - - -
351 3707 2504 3909 't bekhancken der Bockrieuwze tegenten totten Vrijen handel, wert aen„
592 3839 2063 3983 PPoonsigstigh beleijt van d’ H:r Lasar gedefereert
368 3932 1757 4100 Item offinen sulx Publijck off becreet sal doen.
369 4046 2115 4200 de spaersaemheijt Jn't Weghverderen alsints te betraghten
