3166 4650
2814 16 3055 143 387.
2791 194 3086 360 507
250 659 2215 920 D H Baaittaase
289 904 2455 1133 door den vroouwjt Lper hetdengh ongedieen
2577 935 3129 1131 rilen in Ceuer
2591 1086 3134 1198 Wed: Van Cast aernous
1412 1074 1802 1243 sle
155 1075 893 1266 en er
2581 1153 3106 1263 Westdort Regudium
2565 1222 3142 1333 des boedels geaccordeert
262 1201 2192 1397 weduwe van wijlen lacijn Cona
2532 1247 3121 1393 met Felieff van laos
251 1367 2843 1502 daer bij verthoonende, toe zij nac de doot dan voorsee  tie
246 1456 2624 1626 Jaerman indleget voor Cadierij is ontwaer geworden
241 1579 2574 1729 sodanigen go daghterheijt, en vele schulven, soo wel
236 1694 2628 1902 hier, als nogh van outs bij hom in tvaderlant nagelaten
241 1852 2580 2025 dat zij t Eenemaee onmaghtigh zij, detwee daer van
254 1949 2514 2143 te konnen voedoen, n goen middel siende, om daer
252 2077 2611 2305 door te: geracken; soo ras zij Eerbiedigh versoekende
258 2232 2527 2404 om Aopudlm atos boedels te mogen doen, en daer
248 2407 2540 2542 benevens het faveur van belieff van Japs van tijt;
260 2503 2545 2720 daer op gedelibereent, en haer onvermogen Ingesien
267 2629 2644 2821 wesende, soo wert haer het selve versoeck van bepudmn
257 2779 2405 2972 de boedels et lieff van Laps, van dijt, bij desen
2574 2759 3122 2947 en Commitianus aende
2588 2907 3050 3039 tan van Jistidie
257 2953 2504 3120 geaccordeert, me Camniemins aen den agtbbaven
250 3037 1626 3206 aad van Justie deses Casticls
276 3197 2520 3442 zoo i1s oock aen vancheesocker Dirck Doen
2591 3211 3179 3418 den Cmbleseser dal
2602 3357 3180 3465 been in stilstant van
256 3366 2311 3511 toegestaen, sigh voor den tijdt van vijff maenden
2601 3434 3163 3537 Gagie toegestaen, om sjn
2599 3487 3090 3596 Geneefkoust tot een
2595 3566 3104 3664 Lieuve in 't werkte
252 3500 2487 3685 buijten dienst, en lagte vande Compag: alhier de
2600 3634 2864 3724 stellen
266 3678 2564 3832 mogen erneren, omme zijn voorgegeve geuceskonst
2361 3878 2566 3989 van
