3045 4633
58 -7 253 131 158
118 132 369 329 150.
2983 300 3065 499 3
686 436 3026 650 vereert soo zijn daer toe uijt die meest jn bedencken
688 605 3061 799 komen, en insgelijcks. voor de outste en aengenamste
44 678 657 858 Aen brisclij hot
699 733 2963 880 schijnen te werden aengesien. verder genomineert
90 824 671 922 luijdsnant en litsoeko
687 841 2962 1043 en gestelt Lnsizaij tot luijtenant, Ende Litsocko
97 885 683 1017 o Vaendrig van gem:
40 971 568 1105 Cinese Hatie
688 923 1343 1125 tot vaendrigh:
687 1043 2921 1291 met welcke verkiesingh metn dan vermeijnt dat
665 1174 3061 1429 de chinesen jnt genetael wel sullen wesen gecontenteert
670 1329 3061 1536 ende nu boock jn te beter ordre konnen werden gebraght
669 1411 2917 1586 omme bij eenige voor vallende ongelegentheijt, tot
663 1527 2918 1683 bescheriminge van dese stadt en Landen, nevens andere
513 1656 2992 1836 :1 Jnlander borgers, te dienen. en waer toe zij sigs selven
657 1735 2968 1919 al eenigsins vrijwilligh hebben, shijnen aentebieden &:a
675 1918 2894 2125 Overmits jnde benodigede directie van Cormandel,
662 2026 2823 2238 het gout veel dienstiger, als de silvere spetien, de
658 2146 2933 2320 Comp: tot den jncoop van Lijwaten als anders te
662 2239 2920 2379 stade komt, is op 't voordragen vande Ed: heer
655 2352 2972 2531 Gouverneur generael geresolveert; soo veel japause
28 2354 649 2526 soude Coubangs onder
47 2489 566 2589 de gemeende alhier
652 2436 2852 2627 goude Coubans als 'er onder de gemeente hier jnde
50 2516 665 2658 in tihoopen tot 10. Mb.
664 2550 2882 2757 stadt sullen te bekomen zijn, voor de Comp:e te laten
25 2612 607 2730 't stuck; mits het Gelt
31 2702 651 2825 bij de Comp: op Intoest
668 2701 2933 2857 jucopen, tegen thien rjcxdaelders ijder, mits deselve
49 2774 295 2883 latende
658 2804 2861 2968 van haer behoorlijcke gewight, dat is 4. maes 7:
651 2877 2910 3089 condrijn, japans, en't alloij van tusschen de 20 en
655 3044 2957 3222 21. Caraet werden bevonden, ende met die jntentie
649 3134 2965 3321 dat het gelt daer van alhier tegen dordinarij jntrest
648 3260 2909 3430 van ½ p:s C:to ter maent by de Comp: zal blijven
653 3349 2940 3524 staen, omme met die Conbans, dewelcke naer.
648 3469 2987 3658 Calculatie omtrent 30: a 40: Brjcxdaelders werden
656 3579 3040 3756 geschat, te sullen belopen, nevens het verder Capitael
21 3612 2769 3852 Omne daarmee op dat er zal bij te brengen zijn, soo veel der hoge
1 3768 530 3869 Cormandel de swaar
663 3793 2940 3965 Intrest geeden van 1. p:s C:to 's maents op Cormandel
27 3838 549 3949 schulden te helpen
32 3910 309 4046 Affleggen
658 3899 2899 4074 afteleogen; als eenigermaten. doenlijck zal wesen,
641 3989 2848 4200 te meer dogh oock dat gout eghter andersins tot
2509 4144 2834 4294 Comp:s
2886 4225 2960 4325 —
247 4349 386 4459 1
