3107 4688
2813 -14 2981 173 21.
2699 124 2871 307 21
163 446 2388 690 gouverneur geherael van 1 raeromcer 63: L. 115:
159 632 2349 827 op sodanigen wijse; en niet minder als zijn overleden
168 741 2443 959 voorsatend Ed: Heeren Anthoud van Dienien, en Carel
166 874 2388 1050 Reijniersz: zijn ten aerden bestel namentlyck om te
168 1006 2395 1198 mogen weten hoe en door wien de daen tot gedane
163 1146 2459 1362 onkosten sula werden voldaen, e betaelt waer op
2413 1238 3008 1448 daer op dershaeris
178 1290 2418 1454 gedelikereijt zijnden, soo is goetgevonden de betalings
2398 1411 3051 1517 tnodige bij Liovisie uijt de
169 1402 2405 1610 van ’t geene niet wel kan wer den uijtgenelt bij provis:
2384 1480 2997 1582 ie Contante penningen
2392 1550 3012 1638 van den boedel te laaten
140 1559 2337 1726 telaten gelhieden, uijt de Contante penungen
2393 1605 2996 1711 Voldoen en den Reeeqs=
2401 1661 3049 1802 Van Alles te doen opmaken
117 1644 2347 1876 (inden boedel bevonden zijnde, en wijders de gemelte
180 1812 2346 1977 gecqumitteerdens, te ordonneren, ten reeckeninge
171 1916 2327 2133 van't bedragen dergemelte begraeffenis op tte
162 2055 2430 2203 maken, ende aen: dese vergaderings over te leveren
170 2183 2416 2365 omdaer uijt dan te konnen sien en dordeelen hoeveel
2395 2140 3058 2365 edan daer mad s tekke
186 2331 3038 2479 na billickheijt daer uijt door d' E: Cone den wert te oordeelen Wat de Comp:e
2386 2379 3020 2480 en wat de Erffgenamen
2369 2450 2977 2601 sullen moeten betalen
179 2444 2281 2634 door de Erffgenamen; ofte uijt de gem:te boedel
164 2543 1471 2753 sae moeten worden betaeltf
240 2770 2293 2996 Batavia in't Casteel datum als 1rer
1967 2991 2568 3228 Vn gn e
1762 3227 2548 3399 Bauvers
1775 3327 2806 3570 P. A. Bdertwater
2204 3876 2724 4096 lechioe
1904 3984 2592 4379 e
1902 4358 2093 4602 haij
