3135 4683
40 -48 197 125 7.
6 564 162 678 5
36 651 160 843 3
449 152 597 268 0
229 494 2448 737 liever met die Samadangh tesamente spannen, om
2464 562 3011 735 En de boteraen is
232 662 2941 841 die van Bantam afteweren, ten in hun quact voor te weders aen
228 756 1226 907 nemen te weder staen.
271 900 2486 1131 Eijndelijck mede gesproken zjnde van’t langs agt
231 1026 2398 1191 blijven zande : Directeur generael Cornelis
222 1163 2365 1333 Epeelman, en dat ons oock jn lange geen tijdingh van
180 1281 2366 1419 Jcas offtcust zij toegekomen, soo is goetgevonden
2440 1254 3075 1433 adrijsbrieffs aend H:o
2461 1396 3068 1504 Hielman na Iapara
230 1401 2459 1549 en verstaen p:r Julgudts vaertuijgh, een advijs briefke
2441 1453 2976 1552 h te senden, om den
2479 1498 3119 1661 Toestant te mogen Ver staan
210 1486 2346 1677 der waerts afte zenden, om jn antwoort vaj't selve
230 1631 2386 1754 te verstaen, den toestant van saecken aldaer, ende
226 1711 2473 1909 de redenen van't langh vertoeven vande B:r Speelman
231 1834 2454 2015 bovengem: aen wien dan oock nader zal werden
221 1948 2471 2138 bekent gemaeckt, dat dese vergaderingh nogh van eenpa
226 2060 2370 2255 righ afvijs is, ons met den broeder krjgh van des
2431 2075 3059 2246 aldie Van Haer Ed: om
2447 2207 3085 2315 ons met de Broederkrijgh
225 2206 2384 2341 overleden Sousouhounangs, zonen: niet jnte laten
2465 2268 3104 2376 der Mattaramze Krincen
2465 2329 2917 2467 niet in te laten
231 2306 2471 2484 op dat wij andere buijten verpligttinge helpende ons
213 2404 2433 2565 selven niet en komen te verswacken, en ons alsoo on„
218 2544 2508 2696 maghtighte maecken om te wederstaen heft gewelt.
209 2645 2485 2776 end: de listige voornemens van andere die ons souden
224 2746 1761 2940 willen aerwallen, en beschadigen.
167 2958 2309 3157 Batavia in 't Casteel datum als Voren
1944 3164 2623 3395 van goens
1768 3364 2487 3595 Pararoot Pt
1755 3518 2686 3753 p. A. Bertwator
1849 3713 2683 3931 Pieben Vunstooe
2059 4337 2799 4558 Van amthuijk
2962 -6 3104 131 62
