3132 4751
2 4280 82 4436 6
85 1087 215 1247 C
111 4126 175 4193 5
2911 -6 3073 121 51
2729 119 2881 298 6
275 206 476 346 1
260 487 2553 681 Dirck de Haes wederstaet geemploijeert te werden
253 626 2437 780 tot opperhooft over ’s Comp:s handel jn Iapan, en hij dien
271 748 2451 911 volgende tegen halff eij aenstaende weder hier op
223 826 2407 1003 Batavia zal moeten wesen, soo is goetgevonden
2488 935 3009 1070 den ondercoopman
240 952 2435 1104 zijn E: tot secunde jndese Commissie toe te voegen
2514 1035 3038 1110 Abraham van Ritbruck
2534 1090 3010 1177 als schinde in die
266 1059 2533 1208 den onder coopman Abrasam van Riebeick, om de saecke
2525 1131 3055 1241 Commissie d’E: de Hais
2536 1206 2824 1322 bijgevoeght
264 1183 2466 1336 ende het werck voort te vervolgen jndien het quanie
2540 1235 3078 1375 om bij vistrek van d' E
271 1294 2548 1432 te gebeuren dat den Commissaris den Haes door semmelinc
2531 1339 3107 1434 de Htaes ook die Commissie
2560 1408 2848 1509 te vervolgen
276 1394 2556 1555 vande panguan ofte zijne grooten, genootsaeckt wijrde
242 1548 2432 1669 afte breecken, ende herwaert aente vertrecken, jn
2521 1537 3056 1703 de chialuij de brak
2500 1669 3014 1759 mede na palembangh
263 1633 2508 1796 welcken gevalle zijn E: sigh zal konnen dienen vande
2519 1736 2746 1849 te gaen
274 1729 2558 1873 bezeijlde chaloup de Drack, die wij mede goetgevon„
256 1882 2325 1998 den hebben tot dien eijnde derwaerts te zenden.
277 1982 3051 2204 den Lerw: predicant thopsilus Drelius zijnde vader jbehanden.
2517 2099 3051 2184 beblius den Coopman
2501 2153 3087 2257 couper toegestgen ankiet
287 2161 2441 2285 vande Huijsvrouwe vanden Coopman Jacob Couper
2487 2200 3048 2330 van Saparaherwaerts
2527 2272 2714 2368 be doen
288 2220 2435 2381 althans gebruijckt werdende op de Oostcust van dit
311 2345 2578 2502 Eijlandt, seer ernstelijck versoeckende dat denselven
265 2461 2555 2636 zijn schoon zoon, eens een keer Herwaert aen moghte
286 2583 2554 2739 doen, om zijn krancke huysvrouw alhier te konnen
276 2698 2536 2855 spreken, ende de nodige ordres op sijne Huijselijcke
280 2776 2556 2978 saecken te stellen, soo is goetgevonden zijn Een w:o
275 2897 2493 3084 het gemelte versoeck te accorderen, en toe te staen
63 3137 2385 3342 1 Batavia in't Casteeluatum als Voren
1934 3346 2553 3553 van goehs
1659 3537 2486 3773 Danvent Pit
1769 3697 2685 3909 p. R. Beitwater
1984 3838 2644 4050 Siteder Hoon
2026 4468 2788 4652 Joan Cangluijen
