<?xml version="1.0" encoding="UTF-8" standalone="yes"?>
<PcGts xmlns="http://schema.primaresearch.org/PAGE/gts/pagecontent/2013-07-15" xmlns:xsi="http://www.w3.org/2001/XMLSchema-instance" xsi:schemaLocation="http://schema.primaresearch.org/PAGE/gts/pagecontent/2013-07-15 http://schema.primaresearch.org/PAGE/gts/pagecontent/2013-07-15/pagecontent.xsd">
    <Metadata>
        <Creator>prov=University of Rostock/Institute of Mathematics/CITlab|PLANET AI GmbH/Gundram Leifert/gundram.leifert@planet-ai.de:name=Dutch Mountains (18th Century)(htr_id=21683)::::v=2.6.6
prov=University of Rostock/Institute of Mathematics/CITlab|PLANET AI GmbH/Tobias Gruening/tobias.gruening@planet-ai.de:name=de.uros.citlab.module.baseline2polygon.B2PSeamMultiOriented:v=2.6.6
prov=University of Rostock/Institute of Mathematics/CITlab|PLANET AI GmbH/Tobias Gruening/tobias.gruening@planet-ai.de:name=/net_tf/LA73_249_0mod360.pb:de.uros.citlab.segmentation.CITlab_LA_ML:v=2.6.6
Transkribus</Creator>
        <Created>2020-09-07T17:37:33.895+07:00</Created>
        <LastChange>2020-09-07T17:45:11.095+02:00</LastChange>
        <TranskribusMetadata docId="471980" pageId="19528816" pageNr="560" tsid="39455812" status="IN_PROGRESS" userId="15017" imgUrl="https://files.transkribus.eu/Get?id=GUHLIHBLVMAZQSRVQIDWWOSC&amp;fileType=view" xmlUrl="https://files.transkribus.eu/Get?id=YAGNBASDIAZMQXDZUXJTXQQR" imageId="15088653"/>
    </Metadata>
    <Page imageFilename="ID-ANRI_K66a_890_Register 52.jpg" imageWidth="3044" imageHeight="4651">
        <ReadingOrder>
            <OrderedGroup id="ro_1620456180112" caption="Regions reading order">
                <RegionRefIndexed index="0" regionRef="r1"/>
                <RegionRefIndexed index="1" regionRef="r2"/>
            </OrderedGroup>
        </ReadingOrder>
        <TextRegion orientation="0.0" id="r1" custom="readingOrder {index:0;}">
            <Coords points="48,1688 48,1841 84,1841 84,1688"/>
            <TextLine id="r1l1" custom="readingOrder {index:0;}">
                <Coords points="29,1820 45,1821 51,1828 57,1829 67,1826 76,1834 79,1831 95,1832 103,1734 75,1735 60,1717 38,1715"/>
                <Baseline points="48,1788 84,1791"/>
                <TextEquiv>
                    <Unicode></Unicode>
                </TextEquiv>
            </TextLine>
            <TextEquiv>
                <Unicode></Unicode>
            </TextEquiv>
        </TextRegion>
        <TextRegion orientation="0.0" id="r2" custom="readingOrder {index:1;}">
            <Coords points="9,268 9,4365 2960,4365 2960,268"/>
            <TextLine id="r2l1" custom="readingOrder {index:0;}">
                <Coords points="249,349 326,350 340,338 365,350 384,347 351,143 332,146 286,176 269,176 237,155 218,158"/>
                <Baseline points="261,333 286,331 311,327 336,323 362,317"/>
                <TextEquiv>
                    <Unicode>8</Unicode>
                </TextEquiv>
            </TextLine>
            <TextLine id="r2l2" custom="readingOrder {index:1;}">
                <Coords points="1149,457 1308,452 1379,404 1548,414 1631,359 1618,112 1286,157 1238,204 1193,187 1136,200"/>
                <Baseline points="1163,404 1188,400 1213,396 1238,393 1263,391 1288,390 1313,389 1338,387 1363,387 1388,387 1413,386 1438,386 1463,384 1488,384 1513,383 1538,381 1563,378 1588,376 1614,371"/>
                <TextEquiv>
                    <Unicode>Petster</Unicode>
                </TextEquiv>
            </TextLine>
            <TextLine id="r2l3" custom="readingOrder {index:2;}">
                <Coords points="-8,578 2511,564 2537,414 687,515 -10,454"/>
                <Baseline points="9,560 134,558 260,557 385,555 511,554 637,551 762,549 888,546 1014,543 1139,542 1265,539 1391,537 1516,534 1642,533 1768,531 1893,531 2019,530 2145,530 2270,531 2396,533 2522,534"/>
                <TextEquiv>
                    <Unicode>28 d:o en sj soo Lange zij Willen voor Jnlandze zoldaten bij de Comp: sullen.</Unicode>
                </TextEquiv>
            </TextLine>
            <TextLine id="r2l4" custom="readingOrder {index:3;}">
                <Coords points="2591,635 2606,629 2615,609 2635,608 2645,600 2670,594 2626,481 2605,489 2590,485 2574,488 2560,514 2546,520"/>
                <Baseline points="2598,611 2625,601 2652,590"/>
                <TextEquiv>
                    <Unicode>1</Unicode>
                </TextEquiv>
            </TextLine>
            <TextLine id="r2l5" custom="readingOrder {index:4;}">
                <Coords points="2599,636 2684,622 2710,644 2720,638 2774,662 2828,652 2844,668 2879,664 2876,502 2822,506 2741,590 2706,568 2643,591 2598,592"/>
                <Baseline points="2615,614 2642,612 2669,612 2697,611 2724,611 2752,611 2779,611 2807,611 2834,609 2862,608"/>
                <TextEquiv>
                    <Unicode>19</Unicode>
                </TextEquiv>
            </TextLine>
            <TextLine id="r2l6" custom="readingOrder {index:5;}">
                <Coords points="617,665 665,657 717,694 845,645 951,674 998,657 1031,675 1093,641 1138,665 1169,642 1268,655 1306,647 1304,562 1247,589 1197,590 1141,547 1085,578 939,569 879,597 770,571 723,592 615,582"/>
                <Baseline points="633,639 665,639 698,639 731,638 764,638 797,638 829,636 862,636 895,635 928,633 961,632 993,632 1026,630 1059,629 1092,627 1124,627 1157,626 1190,624 1223,623 1256,623 1289,621"/>
                <TextEquiv>
                    <Unicode>2orden gebruijckt</Unicode>
                </TextEquiv>
            </TextLine>
            <TextLine id="r2l7" custom="readingOrder {index:6;}">
                <Coords points="2550,765 2566,767 2576,761 2585,765 2602,753 2614,761 2635,746 2656,761 2672,762 2677,689 2658,688 2644,671 2628,669 2611,675 2606,668 2576,681 2557,680"/>
                <Baseline points="2571,719 2600,719 2629,722 2658,725"/>
                <TextEquiv>
                    <Unicode> „</Unicode>
                </TextEquiv>
            </TextLine>
            <TextLine id="r2l8" custom="readingOrder {index:7;}">
                <Coords points="316,797 2313,761 2311,681 573,649 314,724"/>
                <Baseline points="330,761 428,758 526,756 625,753 723,750 821,747 920,744 1018,741 1116,737 1215,735 1313,732 1411,729 1510,726 1608,725 1706,723 1805,722 1903,722 2001,722 2100,723 2198,725 2297,726"/>
                <TextEquiv>
                    <Unicode>om huj daerna Voorts als goede onderdanen hier te crneren.</Unicode>
                </TextEquiv>
            </TextLine>
            <TextLine id="r2l9" custom="readingOrder {index:8;}">
                <Coords points="326,914 894,846 2435,875 2523,852 2522,769 324,796"/>
                <Baseline points="341,849 449,848 557,848 665,846 774,845 882,842 990,840 1099,837 1207,836 1315,833 1424,831 1532,828 1640,827 1748,825 1857,824 1965,824 2073,824 2182,825 2290,827 2398,829 2507,833"/>
                <TextEquiv>
                    <Unicode>bij joet succes dersalijers, sal L: ap: Hartsinck met deselve van</Unicode>
                </TextEquiv>
            </TextLine>
            <TextLine id="r2l10" custom="readingOrder {index:9;}">
                <Coords points="2595,932 2610,929 2618,934 2654,923 2639,851 2617,856 2610,851 2579,858"/>
                <Baseline points="2607,915 2636,909"/>
                <TextEquiv>
                    <Unicode>6</Unicode>
                </TextEquiv>
            </TextLine>
            <TextLine id="r2l11" custom="readingOrder {index:10;}">
                <Coords points="597,957 899,941 976,994 2230,934 2228,851 1831,840 920,900 725,850 596,906"/>
                <Baseline points="614,944 694,941 774,938 854,936 934,933 1014,932 1094,929 1174,927 1254,926 1334,924 1414,923 1494,921 1574,920 1654,918 1734,917 1814,915 1894,915 1974,914 2054,912 2134,912 2214,911"/>
                <TextEquiv>
                    <Unicode>Hoedde goedon voort na sammadangh opgaen - - -</Unicode>
                </TextEquiv>
            </TextLine>
            <TextLine id="r2l12" custom="readingOrder {index:11;}">
                <Coords points="248,1118 1270,1024 1534,1103 2750,1051 2749,953 2422,922 247,982"/>
                <Baseline points="264,1065 387,1059 511,1054 634,1049 758,1044 881,1040 1005,1037 1128,1034 1252,1031 1375,1029 1499,1026 1623,1026 1746,1025 1870,1025 1993,1025 2117,1026 2240,1026 2364,1029 2487,1031 2611,1033 2735,1037"/>
                <TextEquiv>
                    <Unicode>Nott niet sonder apparentie van goet succes, ein nader ordre van hier. „ —</Unicode>
                </TextEquiv>
            </TextLine>
            <TextLine id="r2l13" custom="readingOrder {index:12;}">
                <Coords points="96,1094 109,1095 115,1099 128,1091 157,1094 165,1022 140,1019 122,1001 107,999"/>
                <Baseline points="116,1065 144,1068"/>
                <TextEquiv>
                    <Unicode></Unicode>
                </TextEquiv>
            </TextLine>
            <TextLine id="r2l14" custom="readingOrder {index:13;}">
                <Coords points="320,1182 2619,1161 2617,1040 318,1097"/>
                <Baseline points="336,1173 449,1166 562,1162 675,1157 789,1154 902,1150 1015,1148 1128,1145 1242,1143 1355,1142 1468,1140 1581,1139 1695,1137 1808,1137 1921,1136 2034,1134 2148,1133 2261,1131 2374,1128 2487,1127 2601,1124"/>
                <TextEquiv>
                    <Unicode>denlin van den Edden op Tanjongpouca daer aff advis te gesen:: en mede</Unicode>
                </TextEquiv>
            </TextLine>
            <TextLine id="r2l15" custom="readingOrder {index:14;}">
                <Coords points="2684,1236 2710,1237 2713,1234 2736,1248 2755,1246 2750,1177 2731,1178 2728,1182 2721,1182 2698,1168 2692,1172 2679,1173"/>
                <Baseline points="2697,1215 2736,1212"/>
                <TextEquiv>
                    <Unicode>—</Unicode>
                </TextEquiv>
            </TextLine>
            <TextLine id="r2l16" custom="readingOrder {index:15;}">
                <Coords points="609,1252 2690,1266 2688,1170 2555,1154 608,1192"/>
                <Baseline points="624,1254 726,1251 828,1249 931,1247 1033,1244 1136,1242 1238,1241 1340,1238 1443,1236 1545,1235 1648,1233 1750,1232 1852,1229 1955,1227 2057,1226 2160,1223 2262,1221 2364,1219 2467,1217 2569,1214 2672,1211"/>
                <TextEquiv>
                    <Unicode>om Wierasaba sonder deel alteratie van daer te doen herwarts komen, i</Unicode>
                </TextEquiv>
            </TextLine>
            <TextLine id="r2l17" custom="readingOrder {index:16;}">
                <Coords points="350,1423 2776,1374 2773,1228 347,1311"/>
                <Baseline points="363,1370 482,1367 602,1365 722,1362 842,1361 962,1358 1081,1356 1201,1353 1321,1352 1441,1349 1561,1347 1680,1344 1800,1342 1920,1340 2040,1337 2160,1335 2279,1332 2399,1329 2519,1326 2639,1323 2759,1320"/>
                <TextEquiv>
                    <Unicode>op ’t voordragen van d’ Ecouper, is verstie, een pagger tot Indermaijo te epxtrrijeren „: —</Unicode>
                </TextEquiv>
            </TextLine>
            <TextLine id="r2l18" custom="readingOrder {index:17;}">
                <Coords points="2618,1469 2639,1463 2655,1464 2666,1453 2676,1451 2690,1462 2712,1459 2698,1361 2679,1364 2671,1372 2658,1370 2605,1381"/>
                <Baseline points="2631,1449 2662,1446 2694,1440"/>
                <TextEquiv>
                    <Unicode>„</Unicode>
                </TextEquiv>
            </TextLine>
            <TextLine id="r2l19" custom="readingOrder {index:18;}">
                <Coords points="336,1506 2356,1458 2230,1359 335,1411"/>
                <Baseline points="353,1481 452,1475 551,1469 650,1464 750,1461 849,1457 948,1455 1048,1452 1147,1451 1246,1449 1346,1448 1445,1448 1544,1446 1643,1446 1743,1445 1842,1443 1941,1442 2041,1440 2140,1439 2239,1436 2339,1433"/>
                <TextEquiv>
                    <Unicode>en 't Jagh de anna met behoeften derwaert te senden . - - - - . .</Unicode>
                </TextEquiv>
            </TextLine>
            <TextLine id="r2l20" custom="readingOrder {index:19;}">
                <Coords points="354,1601 2227,1540 2412,1597 2525,1503 815,1465 353,1544"/>
                <Baseline points="369,1589 476,1581 583,1575 690,1569 797,1565 904,1562 1011,1559 1118,1556 1225,1554 1332,1553 1440,1551 1547,1550 1654,1550 1761,1548 1868,1547 1975,1547 2082,1545 2189,1544 2296,1542 2403,1540 2511,1538"/>
                <TextEquiv>
                    <Unicode>en nogh Eeige Weerbaare vaertuijge, tot beseijlinge der svanden van</Unicode>
                </TextEquiv>
            </TextLine>
            <TextLine id="r2l21" custom="readingOrder {index:20;}">
                <Coords points="2600,1663 2619,1661 2640,1651 2651,1660 2671,1641 2696,1637 2684,1549 2662,1549 2650,1557 2640,1552 2637,1556 2630,1550 2627,1554 2614,1552 2603,1544 2584,1547"/>
                <Baseline points="2615,1643 2648,1637 2681,1634"/>
                <TextEquiv>
                    <Unicode>„</Unicode>
                </TextEquiv>
            </TextLine>
            <TextLine id="r2l22" custom="readingOrder {index:21;}">
                <Coords points="642,1719 1140,1662 1398,1689 1438,1647 1588,1695 1718,1652 1947,1692 2042,1649 2041,1588 1491,1567 1317,1608 1166,1557 640,1608"/>
                <Baseline points="657,1668 725,1667 793,1665 862,1662 930,1661 999,1658 1067,1656 1135,1654 1204,1652 1272,1650 1341,1649 1409,1647 1477,1646 1546,1644 1614,1644 1683,1643 1751,1643 1819,1644 1888,1644 1956,1646 2025,1649"/>
                <TextEquiv>
                    <Unicode>Jndermaijo tot Larwangh: toe te laten volgen</Unicode>
                </TextEquiv>
            </TextLine>
            <TextLine id="r2l23" custom="readingOrder {index:22;}">
                <Coords points="2607,1777 2696,1759 2750,1786 2781,1759 2810,1771 2883,1760 2881,1668 2830,1676 2820,1666 2766,1668 2713,1685 2678,1711 2633,1681 2604,1682"/>
                <Baseline points="2621,1749 2648,1749 2675,1749 2703,1749 2730,1749 2758,1748 2785,1748 2813,1746 2840,1744 2868,1740"/>
                <TextEquiv>
                    <Unicode>„415</Unicode>
                </TextEquiv>
            </TextLine>
            <TextLine id="r2l24" custom="readingOrder {index:23;}">
                <Coords points="357,1810 1458,1760 2256,1807 2302,1701 2015,1650 354,1711"/>
                <Baseline points="372,1784 467,1784 563,1782 659,1780 755,1778 851,1775 946,1772 1042,1769 1138,1766 1234,1763 1330,1760 1425,1757 1521,1755 1617,1752 1713,1751 1809,1749 1904,1749 2000,1749 2096,1750 2192,1752 2288,1754"/>
                <TextEquiv>
                    <Unicode>en de bantamze quade desseijnen aldaer met Vigeur tegen te gaen</Unicode>
                </TextEquiv>
            </TextLine>
            <TextLine id="r2l25" custom="readingOrder {index:24;}">
                <Coords points="357,1888 584,1939 760,1893 1304,1921 1398,1870 1939,1891 1937,1806 1802,1768 1619,1814 1101,1795 1045,1845 773,1782 355,1802"/>
                <Baseline points="374,1884 451,1887 528,1890 606,1892 683,1892 761,1892 838,1890 915,1889 993,1887 1070,1884 1148,1881 1225,1877 1302,1875 1380,1871 1457,1868 1535,1865 1612,1863 1689,1860 1767,1859 1844,1859 1922,1859"/>
                <TextEquiv>
                    <Unicode>en sulx de tesdail op bantam mede te notificen;</Unicode>
                </TextEquiv>
            </TextLine>
            <TextLine id="r2l26" custom="readingOrder {index:25;}">
                <Coords points="2735,1966 2754,1966 2760,1972 2786,1972 2786,1896 2735,1893"/>
                <Baseline points="2751,1946 2769,1946"/>
                <TextEquiv>
                    <Unicode>1</Unicode>
                </TextEquiv>
            </TextLine>
            <TextLine id="r2l27" custom="readingOrder {index:26;}">
                <Coords points="271,2030 2189,1968 2444,2026 2656,1993 2654,1898 269,1948"/>
                <Baseline points="287,2003 404,2004 522,2004 639,2004 757,2003 875,2000 992,1997 1110,1994 1228,1989 1345,1986 1463,1982 1581,1979 1698,1974 1816,1971 1934,1968 2051,1965 2169,1964 2287,1964 2404,1964 2522,1965 2640,1967"/>
                <TextEquiv>
                    <Unicode>en dal wij des sulthans pretentie, als erffgen min van samadang, en al</Unicode>
                </TextEquiv>
            </TextLine>
            <TextLine id="r2l28" custom="readingOrder {index:27;}">
                <Coords points="2624,2078 2648,2070 2652,2073 2660,2065 2671,2072 2687,2070 2669,1973 2653,1975 2651,1979 2647,1977 2634,1992 2623,1984 2607,1987"/>
                <Baseline points="2634,2052 2667,2046"/>
                <TextEquiv>
                    <Unicode>„</Unicode>
                </TextEquiv>
            </TextLine>
            <TextLine id="r2l29" custom="readingOrder {index:28;}">
                <Coords points="635,2118 1286,2090 1504,2147 1848,2072 2297,2095 2293,1990 2220,1977 2123,2025 1921,1983 1202,2052 632,2026"/>
                <Baseline points="651,2111 732,2109 813,2108 895,2106 976,2103 1058,2100 1139,2097 1221,2093 1302,2089 1384,2085 1465,2082 1546,2078 1628,2075 1709,2072 1791,2070 1872,2067 1954,2066 2035,2066 2117,2066 2198,2067 2280,2070"/>
                <TextEquiv>
                    <Unicode>die landen tot Parwang niet als voor vel aensien</Unicode>
                </TextEquiv>
            </TextLine>
            <TextLine id="r2l30" custom="readingOrder {index:29;}">
                <Coords points="384,2216 1321,2210 1494,2258 1957,2210 1955,2109 1852,2072 1349,2168 1230,2117 926,2164 382,2124"/>
                <Baseline points="399,2211 476,2213 553,2213 630,2213 707,2213 784,2213 861,2213 938,2213 1015,2211 1092,2211 1169,2210 1246,2208 1323,2205 1400,2204 1477,2201 1554,2199 1631,2195 1708,2191 1785,2189 1862,2184 1940,2180"/>
                <TextEquiv>
                    <Unicode>doende maerblijcken dat hij het tegen ons soekt</Unicode>
                </TextEquiv>
            </TextLine>
            <TextLine id="r2l31" custom="readingOrder {index:30;}">
                <Coords points="166,2233 191,2232 197,2225 203,2224 213,2224 220,2230 245,2228 241,2161 203,2167 182,2184 178,2181 163,2182"/>
                <Baseline points="182,2223 230,2220"/>
                <TextEquiv>
                    <Unicode></Unicode>
                </TextEquiv>
            </TextLine>
            <TextLine id="r2l32" custom="readingOrder {index:31;}">
                <Coords points="391,2361 794,2326 864,2376 1299,2338 1388,2381 1858,2317 1857,2253 1697,2208 1149,2280 922,2226 679,2277 389,2231"/>
                <Baseline points="405,2324 476,2324 548,2325 620,2325 692,2327 764,2327 835,2327 907,2328 979,2328 1051,2328 1123,2328 1194,2327 1266,2325 1338,2325 1410,2322 1482,2319 1553,2316 1625,2312 1697,2307 1769,2303 1841,2295"/>
                <TextEquiv>
                    <Unicode>Poncten tot secoipt na de Westens</Unicode>
                </TextEquiv>
            </TextLine>
            <TextLine id="r2l33" custom="readingOrder {index:32;}">
                <Coords points="402,2461 2562,2433 2560,2351 2331,2304 2065,2375 1778,2313 1458,2386 401,2388"/>
                <Baseline points="417,2447 523,2445 629,2444 736,2442 842,2442 949,2441 1055,2439 1162,2439 1268,2438 1375,2436 1481,2435 1587,2433 1694,2432 1800,2430 1907,2427 2013,2424 2120,2421 2226,2418 2333,2414 2439,2409 2546,2405"/>
                <TextEquiv>
                    <Unicode>Nogh 3. berghwoerhers, en een tleijgerinees te voor de mine te laaden</Unicode>
                </TextEquiv>
            </TextLine>
            <TextLine id="r2l34" custom="readingOrder {index:33;}">
                <Coords points="162,2506 203,2509 210,2503 232,2503 232,2398 213,2398 210,2401 162,2398"/>
                <Baseline points="177,2456 216,2456"/>
                <TextEquiv>
                    <Unicode></Unicode>
                </TextEquiv>
            </TextLine>
            <TextLine id="r2l35" custom="readingOrder {index:34;}">
                <Coords points="688,2572 768,2579 818,2559 901,2585 983,2566 1038,2597 1126,2549 1193,2579 1191,2500 1118,2486 1096,2503 990,2477 880,2516 685,2461"/>
                <Baseline points="702,2550 728,2552 754,2552 780,2552 807,2553 833,2553 859,2552 885,2552 912,2551 938,2550 964,2549 991,2547 1017,2546 1043,2544 1069,2543 1096,2543 1122,2541 1148,2540 1175,2540"/>
                <TextEquiv>
                    <Unicode>derwaerts gaen</Unicode>
                </TextEquiv>
            </TextLine>
            <TextLine id="r2l36" custom="readingOrder {index:35;}">
                <Coords points="1042,2628 1058,2625 1062,2617 1070,2622 1072,2618 1088,2615 1074,2547 1058,2550 1045,2566 1030,2569"/>
                <Baseline points="1056,2613 1071,2610"/>
                <TextEquiv>
                    <Unicode>34</Unicode>
                </TextEquiv>
            </TextLine>
            <TextLine id="r2l37" custom="readingOrder {index:36;}">
                <Coords points="389,2700 2275,2665 2292,2518 1905,2595 1778,2546 1718,2604 1561,2537 1315,2599 1123,2548 1051,2603 387,2582"/>
                <Baseline points="404,2661 497,2663 591,2664 685,2666 779,2666 872,2664 966,2663 1060,2661 1154,2658 1247,2655 1341,2653 1435,2651 1529,2648 1622,2645 1716,2643 1810,2642 1904,2640 1997,2640 2091,2640 2185,2642 2279,2645"/>
                <TextEquiv>
                    <Unicode>den lit: Foedrick Visscher daertegen te laten /terwaerts komen</Unicode>
                </TextEquiv>
            </TextLine>
            <TextLine id="r2l38" custom="readingOrder {index:37;}">
                <Coords points="393,2811 2226,2794 2225,2708 2097,2653 392,2719"/>
                <Baseline points="410,2780 500,2778 590,2778 680,2777 770,2776 860,2775 950,2774 1040,2772 1130,2771 1220,2770 1310,2769 1400,2766 1490,2765 1580,2763 1670,2762 1760,2759 1850,2757 1940,2754 2030,2752 2120,2749 2210,2747"/>
                <TextEquiv>
                    <Unicode>nevens alle den voorraet van Entz; tot ballast voor’t Patria</Unicode>
                </TextEquiv>
            </TextLine>
            <TextLine id="r2l39" custom="readingOrder {index:38;}">
                <Coords points="373,2911 2794,2887 2792,2789 2496,2743 2316,2818 372,2822"/>
                <Baseline points="390,2898 509,2893 628,2889 748,2886 867,2885 986,2882 1106,2880 1225,2879 1344,2879 1464,2877 1583,2876 1702,2876 1822,2874 1941,2873 2060,2871 2180,2870 2299,2867 2418,2864 2538,2861 2657,2856 2777,2850"/>
                <TextEquiv>
                    <Unicode>enden n ens pertinent berigt vande geschapentheijt der mijne tegenen . „ —</Unicode>
                </TextEquiv>
            </TextLine>
            <TextLine id="r2l40" custom="readingOrder {index:39;}">
                <Coords points="380,3022 2699,2998 2698,2893 2625,2884 2032,2954 719,2902 599,2969 380,2907"/>
                <Baseline points="396,3012 510,3006 624,3002 739,2999 853,2997 968,2996 1082,2994 1196,2994 1311,2994 1425,2996 1540,2996 1654,2997 1768,2997 1883,2997 1997,2997 2112,2997 2226,2996 2340,2993 2455,2990 2569,2985 2684,2979"/>
                <TextEquiv>
                    <Unicode>den slaven hander op Vias tot dienst der mijne weder te doen ondermenen„</Unicode>
                </TextEquiv>
            </TextLine>
            <TextLine id="r2l41" custom="readingOrder {index:40;}">
                <Coords points="2624,3132 2652,3135 2662,3125 2671,3125 2678,3132 2703,3132 2703,3033 2681,3036 2665,3030 2652,3036 2639,3024 2624,3024"/>
                <Baseline points="2640,3078 2688,3078"/>
                <TextEquiv>
                    <Unicode>„</Unicode>
                </TextEquiv>
            </TextLine>
            <TextLine id="r2l42" custom="readingOrder {index:41;}">
                <Coords points="385,3115 1767,3126 1868,3096 1867,3004 1537,3050 1428,2994 940,3044 383,3016"/>
                <Baseline points="402,3105 474,3104 546,3102 619,3101 691,3099 764,3098 836,3096 909,3095 981,3093 1054,3092 1126,3089 1198,3089 1271,3087 1343,3086 1416,3086 1488,3086 1561,3086 1633,3087 1706,3089 1778,3091 1851,3093"/>
                <TextEquiv>
                    <Unicode>am dat dat Volck daer beter, als andre kan aerden</Unicode>
                </TextEquiv>
            </TextLine>
            <TextLine id="r2l43" custom="readingOrder {index:42;}">
                <Coords points="2646,3184 2661,3185 2679,3203 2703,3185 2719,3187 2724,3117 2708,3116 2696,3111 2679,3126 2650,3124"/>
                <Baseline points="2664,3164 2703,3167"/>
                <TextEquiv>
                    <Unicode>„</Unicode>
                </TextEquiv>
            </TextLine>
            <TextLine id="r2l44" custom="readingOrder {index:43;}">
                <Coords points="1585,3186 1604,3184 1607,3180 1614,3186 1620,3182 1636,3180 1630,3127 1611,3129 1605,3133 1598,3133 1596,3137 1580,3139"/>
                <Baseline points="1599,3179 1620,3177"/>
                <TextEquiv>
                    <Unicode></Unicode>
                </TextEquiv>
            </TextLine>
            <TextLine id="r2l45" custom="readingOrder {index:44;}">
                <Coords points="397,3234 994,3192 1093,3235 1194,3198 1601,3232 1600,3137 1498,3110 396,3135"/>
                <Baseline points="414,3203 472,3200 531,3198 589,3197 648,3195 706,3194 765,3192 823,3191 882,3189 940,3189 999,3188 1057,3186 1116,3186 1174,3185 1233,3185 1291,3185 1350,3183 1408,3183 1467,3183 1525,3182 1584,3182"/>
                <TextEquiv>
                    <Unicode>d' Suurslasten af tedancken Inde mijne</Unicode>
                </TextEquiv>
            </TextLine>
            <TextLine id="r2l46" custom="readingOrder {index:45;}">
                <Coords points="401,3320 2939,3298 2913,3184 2595,3243 1772,3159 401,3244"/>
                <Baseline points="417,3291 542,3288 667,3285 792,3283 918,3281 1043,3279 1168,3278 1293,3276 1419,3275 1544,3275 1669,3273 1794,3273 1920,3273 2045,3273 2170,3273 2295,3273 2421,3273 2546,3273 2671,3273 2796,3273 2922,3273"/>
                <TextEquiv>
                    <Unicode>uijt onvermogen tot teparatie aller gebrekende werken ter vestcuct - - „ 6:16.</Unicode>
                </TextEquiv>
            </TextLine>
            <TextLine id="r2l47" custom="readingOrder {index:46;}">
                <Coords points="2662,3408 2706,3411 2706,3272 2690,3272 2681,3281 2662,3281"/>
                <Baseline points="2676,3383 2691,3383"/>
                <TextEquiv>
                    <Unicode>1</Unicode>
                </TextEquiv>
            </TextLine>
            <TextLine id="r2l48" custom="readingOrder {index:47;}">
                <Coords points="394,3448 463,3411 804,3441 968,3383 1083,3441 1166,3442 1222,3393 1341,3438 1506,3419 1504,3343 1385,3291 1227,3339 956,3298 770,3337 655,3314 570,3355 392,3340"/>
                <Baseline points="408,3399 462,3399 516,3398 570,3396 624,3395 678,3393 732,3392 786,3390 840,3389 894,3387 949,3386 1003,3384 1057,3383 1111,3381 1165,3380 1219,3380 1273,3378 1327,3378 1381,3378 1435,3378 1490,3378"/>
                <TextEquiv>
                    <Unicode>salmen sigh ten besten meeten tedden</Unicode>
                </TextEquiv>
            </TextLine>
            <TextLine id="r2l49" custom="readingOrder {index:48;}">
                <Coords points="2126,3482 2141,3479 2146,3472 2152,3470 2156,3473 2172,3469 2163,3426 2147,3429 2143,3427 2141,3430 2135,3432 2131,3429 2115,3433"/>
                <Baseline points="2136,3455 2151,3452"/>
                <TextEquiv>
                    <Unicode></Unicode>
                </TextEquiv>
            </TextLine>
            <TextLine id="r2l50" custom="readingOrder {index:49;}">
                <Coords points="2665,3500 2690,3500 2703,3491 2728,3488 2728,3427 2713,3427 2709,3430 2700,3424 2693,3424 2690,3427 2665,3427"/>
                <Baseline points="2682,3464 2712,3464"/>
                <TextEquiv>
                    <Unicode>„</Unicode>
                </TextEquiv>
            </TextLine>
            <TextLine id="r2l51" custom="readingOrder {index:50;}">
                <Coords points="414,3488 946,3532 1529,3473 1746,3530 1879,3471 2130,3525 2100,3401 414,3431"/>
                <Baseline points="429,3480 513,3482 597,3483 681,3483 766,3485 850,3485 934,3483 1019,3483 1103,3482 1187,3481 1272,3480 1356,3479 1440,3477 1524,3474 1609,3473 1693,3470 1777,3468 1862,3467 1946,3464 2030,3462 2115,3461"/>
                <TextEquiv>
                    <Unicode>en de nodige packhuijsen met plancken; madoph te opstaen</Unicode>
                </TextEquiv>
            </TextLine>
            <TextLine id="r2l52" custom="readingOrder {index:51;}">
                <Coords points="372,3600 2742,3584 2740,3482 2575,3466 1731,3537 1530,3473 370,3501"/>
                <Baseline points="386,3573 503,3575 620,3575 737,3575 854,3575 971,3575 1088,3573 1205,3573 1322,3572 1439,3570 1556,3569 1673,3566 1790,3564 1907,3561 2024,3558 2141,3555 2258,3552 2375,3549 2492,3545 2609,3542 2726,3537"/>
                <TextEquiv>
                    <Unicode>op de verpaetsinge van 't hooft comtoir van padang na p=r chinco mag nog niet werde, gedagt„</Unicode>
                </TextEquiv>
            </TextLine>
            <TextLine id="r2l53" custom="readingOrder {index:52;}">
                <Coords points="389,3721 2657,3704 2655,3549 388,3606"/>
                <Baseline points="405,3678 516,3674 628,3669 740,3666 852,3663 963,3660 1075,3659 1187,3657 1299,3656 1410,3654 1522,3653 1634,3653 1746,3651 1857,3650 1969,3650 2081,3648 2193,3647 2304,3645 2416,3644 2528,3641 2640,3639"/>
                <TextEquiv>
                    <Unicode>en het kruijssen op de Cramers der clappusolij om die daer door te beters</Unicode>
                </TextEquiv>
            </TextLine>
            <TextLine id="r2l54" custom="readingOrder {index:53;}">
                <Coords points="2693,3735 2713,3735 2716,3738 2725,3735 2735,3726 2751,3726 2751,3630 2728,3630 2716,3627 2709,3621 2693,3621"/>
                <Baseline points="2709,3710 2736,3710"/>
                <TextEquiv>
                    <Unicode></Unicode>
                </TextEquiv>
            </TextLine>
            <TextLine id="r2l55" custom="readingOrder {index:54;}">
                <Coords points="1814,3723 1833,3724 1845,3734 1867,3731 1886,3742 1896,3742 1902,3736 1924,3740 1928,3661 1905,3657 1883,3672 1873,3671 1866,3677 1854,3670 1847,3676 1841,3670 1816,3669"/>
                <Baseline points="1830,3737 1856,3738 1882,3739 1908,3740"/>
                <TextEquiv>
                    <Unicode></Unicode>
                </TextEquiv>
            </TextLine>
            <TextLine id="r2l56" custom="readingOrder {index:55;}">
                <Coords points="720,3802 991,3814 1214,3738 1393,3777 1831,3742 1829,3676 1450,3658 1178,3704 837,3681 718,3720"/>
                <Baseline points="735,3767 791,3762 848,3758 905,3753 962,3750 1018,3747 1075,3744 1132,3741 1189,3739 1246,3737 1302,3735 1359,3734 1416,3733 1473,3732 1530,3732 1586,3732 1643,3733 1700,3734 1757,3735 1814,3737"/>
                <TextEquiv>
                    <Unicode>te bemagtigen, oock ordenstig geagt</Unicode>
                </TextEquiv>
            </TextLine>
            <TextLine id="r2l57" custom="readingOrder {index:56;}">
                <Coords points="2692,3804 2714,3800 2728,3807 2735,3795 2751,3792 2738,3730 2723,3733 2720,3737 2710,3736 2702,3744 2692,3742 2680,3745"/>
                <Baseline points="2705,3792 2735,3786"/>
                <TextEquiv>
                    <Unicode>„</Unicode>
                </TextEquiv>
            </TextLine>
            <TextLine id="r2l58" custom="readingOrder {index:57;}">
                <Coords points="416,3883 1848,3853 2092,3813 2090,3737 1260,3743 1021,3805 413,3772"/>
                <Baseline points="432,3830 514,3834 596,3837 678,3839 760,3840 843,3840 925,3840 1007,3839 1089,3837 1171,3834 1254,3831 1336,3828 1418,3824 1500,3820 1582,3816 1665,3811 1747,3807 1829,3802 1911,3798 1993,3794 2076,3789"/>
                <TextEquiv>
                    <Unicode>t verbot van alle particuliere Waert op de west Lie Z</Unicode>
                </TextEquiv>
            </TextLine>
            <TextLine id="r2l59" custom="readingOrder {index:58;}">
                <Coords points="433,3965 2729,3931 2846,3909 2844,3820 430,3860"/>
                <Baseline points="447,3923 566,3924 685,3924 804,3924 923,3923 1042,3921 1161,3920 1280,3917 1399,3914 1518,3911 1638,3907 1757,3903 1876,3900 1995,3897 2114,3894 2233,3891 2352,3888 2471,3885 2590,3884 2709,3882 2829,3882"/>
                <TextEquiv>
                    <Unicode>salmen ontren panghimia fadja; en andie bontgenote, mede moeten tragt te beleerkeno</Unicode>
                </TextEquiv>
            </TextLine>
            <TextLine id="r2l60" custom="readingOrder {index:59;}">
                <Coords points="387,4065 2757,4036 2834,3923 385,3941"/>
                <Baseline points="402,4023 522,4022 643,4020 764,4019 885,4017 1006,4014 1127,4013 1247,4011 1368,4009 1489,4007 1610,4005 1731,4002 1852,3999 1973,3998 2093,3995 2214,3992 2335,3988 2456,3984 2577,3981 2698,3977 2819,3972"/>
                <TextEquiv>
                    <Unicode>Jonderhun nogtans vooreerst passen direct na herwaerts teweijgeren om hun iet t jouteren </Unicode>
                </TextEquiv>
            </TextLine>
            <TextLine id="r2l61" custom="readingOrder {index:60;}">
                <Coords points="404,4155 2859,4138 2977,4117 2975,4000 402,4047"/>
                <Baseline points="420,4124 547,4122 674,4119 801,4117 928,4115 1055,4113 1182,4112 1309,4110 1436,4110 1563,4109 1690,4107 1817,4105 1944,4103 2071,4101 2198,4098 2325,4095 2452,4092 2579,4089 2706,4084 2833,4079 2960,4073"/>
                <TextEquiv>
                    <Unicode>Cormdebries tot Wij kelis op p=s chinco, en Jacob clads=s aijman Z: op haros geapprobert „417.</Unicode>
                </TextEquiv>
            </TextLine>
            <TextLine id="r2l62" custom="readingOrder {index:61;}">
                <Coords points="2270,4382 2354,4335 2483,4383 2555,4346 2581,4362 2707,4336 2736,4364 2780,4322 2840,4317 2836,4152 2734,4154 2689,4130 2534,4163 2422,4124 2391,4147 2368,4125 2264,4160"/>
                <Baseline points="2283,4335 2310,4337 2337,4339 2364,4340 2391,4341 2418,4340 2445,4340 2472,4338 2499,4337 2526,4335 2553,4334 2580,4332 2607,4331 2634,4329 2661,4328 2688,4328 2715,4328 2742,4328 2769,4329 2796,4331 2823,4334"/>
                <TextEquiv>
                    <Unicode>Vomb</Unicode>
                </TextEquiv>
            </TextLine>
            <TextEquiv>
                <Unicode>8
Petster
28 d:o en sj soo Lange zij Willen voor Jnlandze zoldaten bij de Comp: sullen.
1
19
2orden gebruijckt
 „
om huj daerna Voorts als goede onderdanen hier te crneren.
bij joet succes dersalijers, sal L: ap: Hartsinck met deselve van
6
Hoedde goedon voort na sammadangh opgaen - - -
Nott niet sonder apparentie van goet succes, ein nader ordre van hier. „ —

denlin van den Edden op Tanjongpouca daer aff advis te gesen:: en mede
—
om Wierasaba sonder deel alteratie van daer te doen herwarts komen, i
op ’t voordragen van d’ Ecouper, is verstie, een pagger tot Indermaijo te epxtrrijeren „: —
„
en 't Jagh de anna met behoeften derwaert te senden . - - - - . .
en nogh Eeige Weerbaare vaertuijge, tot beseijlinge der svanden van
„
Jndermaijo tot Larwangh: toe te laten volgen
„415
en de bantamze quade desseijnen aldaer met Vigeur tegen te gaen
en sulx de tesdail op bantam mede te notificen;
1
en dal wij des sulthans pretentie, als erffgen min van samadang, en al
„
die landen tot Parwang niet als voor vel aensien
doende maerblijcken dat hij het tegen ons soekt

Poncten tot secoipt na de Westens
Nogh 3. berghwoerhers, en een tleijgerinees te voor de mine te laaden

derwaerts gaen
34
den lit: Foedrick Visscher daertegen te laten /terwaerts komen
nevens alle den voorraet van Entz; tot ballast voor’t Patria
enden n ens pertinent berigt vande geschapentheijt der mijne tegenen . „ —
den slaven hander op Vias tot dienst der mijne weder te doen ondermenen„
„
am dat dat Volck daer beter, als andre kan aerden
„

d' Suurslasten af tedancken Inde mijne
uijt onvermogen tot teparatie aller gebrekende werken ter vestcuct - - „ 6:16.
1
salmen sigh ten besten meeten tedden

„
en de nodige packhuijsen met plancken; madoph te opstaen
op de verpaetsinge van 't hooft comtoir van padang na p=r chinco mag nog niet werde, gedagt„
en het kruijssen op de Cramers der clappusolij om die daer door te beters


te bemagtigen, oock ordenstig geagt
„
t verbot van alle particuliere Waert op de west Lie Z
salmen ontren panghimia fadja; en andie bontgenote, mede moeten tragt te beleerkeno
Jonderhun nogtans vooreerst passen direct na herwaerts teweijgeren om hun iet t jouteren 
Cormdebries tot Wij kelis op p=s chinco, en Jacob clads=s aijman Z: op haros geapprobert „417.
Vomb</Unicode>
            </TextEquiv>
        </TextRegion>
    </Page>
</PcGts>
