3008 4522
2696 23 2969 233 t
2144 85 2249 213 1.
245 139 379 334 45
817 180 926 355 E
975 -4 1620 440 Gijende
5 375 2646 592 20: d:o de paghter der herbergiers binnen des tad  6tilskunt van zijn paghppen:
2588 466 2907 654 N:o 352
2589 581 2667 684 4
561 519 1705 683 geaccordeert tottel eijnde vant Jaer
304 581 1355 765 onden de oer nde t degenen
296 759 2676 860 op ’t versoek vanden Jongen sulthanbantam om een pas Voor 4. vaertuijgen.
2249 838 2357 940 d
583 820 2134 969 ten Handel na Javas Oosthust . . . . . . . . .
297 907 2592 1110 ten antoon te geven dat hij ons alvorens de plaetten Waer na toe, en niet
589 1023 1831 1159 Wat Coopmans: dient te laten Weten
450 1087 2487 1323 lotifiatie dat wij daer in swarigheijt maeken, dewijl Eenige
565 1198 2633 1384 bantamze vaertuijgen op Javas ooct Cnsdierze onser onderdanen
2597 1244 2892 1442 „ 353.
533 1323 1529 1515 „ inbontgenoten hebben berooft
297 1429 1774 1629 Vacruijt wel oulus ten honden Voortcomen
434 1520 2596 1698 vaerom hem salgeraden Worden die voorgenome besendinge lieser te
611 1679 903 1801 staacken
333 1706 2588 1916 poot van 't voornemen der bantammer om eenigh toelegh te maeken
2 1776 286 1946 „21: d:o
2582 1799 2861 1969 „ 354
593 1831 2118 1982 op onse aenkomende schepen in de straet: unda
391 1887 2590 2123 „staen tot voorkounage vandien de flruijt de Jnns: en t Jagt voorhout
594 2021 2731 2212 tusschen duars in de wegh, in 't prince, oham: te laten cruijssen . „
324 2158 1942 2326 in geen gewapende: Javanen: te laten aenboort komen
5 2242 85 2361 „
326 2197 2589 2428 op ’t versoeck van den borger C apt: Pieter van teuwen, ombetalinge sier
624 2352 2895 2531 Peper met sijn Jaghje orangie op Palembangh voor de Comp:s geligt ƒ 355.
320 2471 2515 2651 Is verstaen die betalinge nogh uijt testeere tot den palembangzen tesident
687 2583 2586 2752 schilhoorn. wij aghterstan sComp: sal hebben verantwoort
337 2686 2643 2855 den gemellen Palembangzen tesident schilhoom, om sijn sloedige Admnissratie.
579 2810 1681 2970 van palembanghop te ontbieden - .
2594 2876 2894 3035 „ 356
329 2852 2057 3070 Als mede sijn seamde den boekhouder Pieter schuijstangh, .
337 3045 2669 3198 ten zij d’E van Leene gem: schuijstangh daer nogh voor eenigen tijt nodig hadde.„
317 3124 2548 3266 en welken van leenen derhalven tot Heistellinge van dat Comtoir, nogh
568 3235 2221 3375 eenigen tijt in die Commissie sae diene, te Continueren
339 3375 2370 3506 ’t schip d’ Eendraght in 8. daagen na palembangh te laten voorsgaen - ..
293 3450 2635 3605 dampliatie van ’t Palembangze Contract, door den Commissaris van t
663 3578 2002 3742 gemaekt In't feguard des pepers geapprobeert
343 3661 2496 3853 op besnallen handel der Eijgen palembangze Jnwoonders, behoeft men
2492 3712 2885 3888 353
654 3803 1305 3964 soo nauw niet te sien
366 3847 2062 4075 de Coopluijden met Jnd: 't srie aende hant te houden - - . -
2601 3978 2668 4102 „
377 3998 1983 4174 4000. pp. H:o totte peper Handel na Palembangh te sende,
367 4126 2572 4263 de thollen Van 25. pr -a gnder moetem, betraghten halff in gelt, en 't in cleden
631 4253 1016 4401 tebtrl
